<?xml version="1.0" encoding="UTF-8"?>
<!DOCTYPE html PUBLIC "-//W3C//DTD XHTML 1.0 Transitional//EN"
    "http://www.w3.org/TR/xhtml1/DTD/xhtml1-transitional.dtd">
<html xmlns="http://www.w3.org/1999/xhtml" xml:lang="en" lang="en">
 <head>
  <title>
</title>
<meta http-equiv="Content-Type" content="text/html;charset=utf-8" />
  <meta name='ocr-system' content='tesseract 3.04.00' />
  <meta name='ocr-capabilities' content='ocr_page ocr_carea ocr_par ocr_line ocrx_word'/>
</head>
<body>
  <div class='ocr_page' id='page_1' title='image "./zoographiarossoa31831pall_0046.png"; bbox 0 0 2185 2890; ppageno 0'>
   <div class='ocr_carea' id='block_1_1' title="bbox 351 186 1248 228">
    <p class='ocr_par' dir='ltr' id='par_1_1' title="bbox 351 186 1248 228">
     <span class='ocr_line' id='line_1_1' title="bbox 351 186 1248 228; baseline 0 0"><span class='ocrx_word' id='word_1_1' title='bbox 351 186 410 228; x_wconf 81' lang='lat'>30</span> <span class='ocrx_word' id='word_1_2' title='bbox 1105 188 1248 201; x_wconf 68' lang='lat'>”⁸⁸¹²&#39;‘</span> 
     </span>
    </p>
   </div>
   <div class='ocr_carea' id='block_1_2' title="bbox 1106 202 1248 212">
    <p class='ocr_par' dir='ltr' id='par_1_2' title="bbox 1106 202 1248 212">
     <span class='ocr_line' id='line_1_2' title="bbox 1106 202 1248 212; baseline 0 2678"><span class='ocrx_word' id='word_1_3' title='bbox 1106 202 1248 212; x_wconf 95' lang='lat' dir='ltr'> </span> 
     </span>
    </p>
   </div>
   <div class='ocr_carea' id='block_1_3' title="bbox 350 284 2025 643">
    <p class='ocr_par' dir='ltr' id='par_1_3' title="bbox 350 284 2022 414">
     <span class='ocr_line' id='line_1_3' title="bbox 353 284 2022 344; baseline 0.001 -16"><span class='ocrx_word' id='word_1_4' title='bbox 353 288 572 344; x_wconf 79' lang='lat' dir='ltr'>parandae.</span> <span class='ocrx_word' id='word_1_5' title='bbox 630 287 754 328; x_wconf 90' lang='lat' dir='ltr'>Anne</span> <span class='ocrx_word' id='word_1_6' title='bbox 782 296 876 328; x_wconf 90' lang='lat' dir='ltr'>sunt</span> <span class='ocrx_word' id='word_1_7' title='bbox 904 284 985 326; x_wconf 83' lang='lat' dir='ltr'>hae</span> <span class='ocrx_word' id='word_1_8' title='bbox 1015 287 1188 326; x_wconf 79' lang='lat' dir='ltr'>Lacerta</span> <span class='ocrx_word' id='word_1_9' title='bbox 1217 284 1395 340; x_wconf 84' lang='lat' dir='ltr'>vulgaris</span> <span class='ocrx_word' id='word_1_10' title='bbox 1423 287 1511 328; x_wconf 71' lang='lat' dir='ltr'><strong><em>Lin.</em></strong></span> <span class='ocrx_word' id='word_1_11' title='bbox 1541 296 1644 341; x_wconf 77' lang='lat' dir='ltr'>syst.</span> <span class='ocrx_word' id='word_1_12' title='bbox 1673 286 1770 327; x_wconf 88' lang='lat' dir='ltr'><strong><em>XII.</em></strong></span> <span class='ocrx_word' id='word_1_13' title='bbox 1799 288 1832 328; x_wconf 92' lang='grc' dir='ltr'>Ι.</span> <span class='ocrx_word' id='word_1_14' title='bbox 1861 303 1901 344; x_wconf 87' lang='lat' dir='ltr'>p.</span> <span class='ocrx_word' id='word_1_15' title='bbox 1931 295 2022 342; x_wconf 83' lang='lat'><strong>370.</strong></span> 
     </span>
     <span class='ocr_line' id='line_1_4' title="bbox 350 369 501 414; baseline 0 -11"><span class='ocrx_word' id='word_1_16' title='bbox 350 378 390 404; x_wconf 87' lang='grc' dir='ltr'>η.</span> <span class='ocrx_word' id='word_1_17' title='bbox 420 369 501 414; x_wconf 71' lang='lat'>42?</span> 
     </span>
    </p>

    <p class='ocr_par' dir='ltr' id='par_1_4' title="bbox 351 436 2025 643">
     <span class='ocr_line' id='line_1_5' title="bbox 485 436 2025 492; baseline 0.001 -14"><span class='ocrx_word' id='word_1_18' title='bbox 485 439 528 478; x_wconf 92' lang='lat' dir='ltr'><strong><em>N</em></strong></span> <span class='ocrx_word' id='word_1_19' title='bbox 537 447 596 479; x_wconf 79' lang='lat' dir='ltr'>ot.</span> <span class='ocrx_word' id='word_1_20' title='bbox 652 440 823 479; x_wconf 82' lang='lat' dir='ltr'>Lacerta</span> <span class='ocrx_word' id='word_1_21' title='bbox 851 438 895 478; x_wconf 85' lang='lat' dir='ltr'>in</span> <span class='ocrx_word' id='word_1_22' title='bbox 925 449 1075 492; x_wconf 81' lang='lat' dir='ltr'>genere</span> <span class='ocrx_word' id='word_1_23' title='bbox 1105 436 1267 477; x_wconf 86' lang='lat' dir='ltr'>Tataris</span> <span class='ocrx_word' id='word_1_24' title='bbox 1296 437 1636 478; x_wconf 84' lang='lat' dir='ltr'>Abacanensibus</span> <span class='ocrx_word' id='word_1_25' title='bbox 1670 439 1899 480; x_wconf 72' lang='lat' dir='ltr'>Kolerslzoe.</span> <span class='ocrx_word' id='word_1_26' title='bbox 1957 440 2025 479; x_wconf 85' lang='lat' dir='ltr'>Sa-</span> 
     </span>
     <span class='ocr_line' id='line_1_6' title="bbox 351 512 2023 568; baseline 0.001 -15"><span class='ocrx_word' id='word_1_27' title='bbox 351 512 527 567; x_wconf 87' lang='lat' dir='ltr'>mojedis</span> <span class='ocrx_word' id='word_1_28' title='bbox 557 513 713 558; x_wconf 51' lang='lat' dir='ltr'>Fassm·</span> <span class='ocrx_word' id='word_1_29' title='bbox 767 512 979 568; x_wconf 79' lang='lat' dir='ltr'>Taiginzis</span> <span class='ocrx_word' id='word_1_30' title='bbox 1021 512 1246 553; x_wconf 80' lang='lat' dir='ltr'>Taansche.</span> <span class='ocrx_word' id='word_1_31' title='bbox 1316 513 1482 553; x_wconf 88' lang='lat' dir='ltr'>Arinzis</span> <span class='ocrx_word' id='word_1_32' title='bbox 1528 515 1763 568; x_wconf 77' lang='lat' dir='ltr'>Tunungae.</span> <span class='ocrx_word' id='word_1_33' title='bbox 1838 514 2023 555; x_wconf 82' lang='lat' dir='ltr'>Buraetis</span> 
     </span>
     <span class='ocr_line' id='line_1_7' title="bbox 351 586 1824 643; baseline 0 -15"><span class='ocrx_word' id='word_1_34' title='bbox 351 588 583 632; x_wconf 82' lang='lat' dir='ltr'>Guemerae.</span> <span class='ocrx_word' id='word_1_35' title='bbox 639 592 677 630; x_wconf 95' lang='lat' dir='ltr'><strong>T</strong></span> <span class='ocrx_word' id='word_1_36' title='bbox 680 588 845 643; x_wconf 80' lang='lat' dir='ltr'>ungusis</span> <span class='ocrx_word' id='word_1_37' title='bbox 870 590 1054 630; x_wconf 73' lang='lat' dir='ltr'>Isclzella.</span> <span class='ocrx_word' id='word_1_38' title='bbox 1116 586 1448 629; x_wconf 74' lang='lat' dir='ltr'>Camtschadalis</span> <span class='ocrx_word' id='word_1_39' title='bbox 1478 589 1824 629; x_wconf 75' lang='lat' dir='ltr'>Schudschudsch.</span> 
     </span>
    </p>
   </div>
   <div class='ocr_carea' id='block_1_4' title="bbox 750 721 1620 768">
    <p class='ocr_par' dir='ltr' id='par_1_5' title="bbox 750 721 1620 768">
     <span class='ocr_line' id='line_1_8' title="bbox 750 721 1620 768; baseline -0.003 0"><span class='ocrx_word' id='word_1_40' title='bbox 750 726 828 768; x_wconf 80' lang='lat'>25.</span> <span class='ocrx_word' id='word_1_41' title='bbox 904 721 1303 767; x_wconf 82' lang='lat' dir='ltr'><strong>LACERTA</strong></span> <span class='ocrx_word' id='word_1_42' title='bbox 1384 725 1620 766; x_wconf 72' lang='lat' dir='ltr'>taurica.</span> 
     </span>
    </p>
   </div>
   <div class='ocr_carea' id='block_1_5' title="bbox 345 813 2023 2375">
    <p class='ocr_par' dir='ltr' id='par_1_6' title="bbox 487 813 2023 871">
     <span class='ocr_line' id='line_1_9' title="bbox 487 813 2023 871; baseline 0.001 -16"><span class='ocrx_word' id='word_1_43' title='bbox 487 817 534 856; x_wconf 86' lang='lat' dir='ltr'>L.</span> <span class='ocrx_word' id='word_1_44' title='bbox 562 818 691 857; x_wconf 83' lang='lat' dir='ltr'>cauda</span> <span class='ocrx_word' id='word_1_45' title='bbox 721 815 962 871; x_wconf 78' lang='lat' dir='ltr'>longissima</span> <span class='ocrx_word' id='word_1_46' title='bbox 993 815 1263 863; x_wconf 84' lang='lat' dir='ltr'>verticillata,</span> <span class='ocrx_word' id='word_1_47' title='bbox 1294 816 1414 857; x_wconf 84' lang='lat' dir='ltr'>dorso</span> <span class='ocrx_word' id='word_1_48' title='bbox 1443 813 1614 856; x_wconf 82' lang='lat' dir='ltr'>fasciato</span> <span class='ocrx_word' id='word_1_49' title='bbox 1646 813 1852 855; x_wconf 86' lang='lat' dir='ltr'>maculato</span> <span class='ocrx_word' id='word_1_50' title='bbox 1881 815 2023 857; x_wconf 85' lang='lat' dir='ltr'>medio</span> 
     </span>
    </p>

    <p class='ocr_par' dir='ltr' id='par_1_7' title="bbox 350 888 1031 1009">
     <span class='ocr_line' id='line_1_10' title="bbox 350 888 1031 941; baseline 0.007 -12"><span class='ocrx_word' id='word_1_51' title='bbox 350 888 495 941; x_wconf 82' lang='lat' dir='ltr'>viridi,</span> <span class='ocrx_word' id='word_1_52' title='bbox 526 903 670 932; x_wconf 84' lang='lat' dir='ltr'>ventre</span> <span class='ocrx_word' id='word_1_53' title='bbox 700 892 875 933; x_wconf 78' lang='lat' dir='ltr'>loricato</span> <span class='ocrx_word' id='word_1_54' title='bbox 904 892 1031 934; x_wconf 81' lang='lat' dir='ltr'>fulvo.</span> 
     </span>
     <span class='ocr_line' id='line_1_11' title="bbox 456 967 873 1009; baseline 0.005 -3"><span class='ocrx_word' id='word_1_55' title='bbox 456 967 617 1007; x_wconf 82' lang='lat' dir='ltr'>Tataris</span> <span class='ocrx_word' id='word_1_56' title='bbox 645 970 873 1009; x_wconf 65' lang='lat' dir='ltr'>Iessertlzoe.</span> 
     </span>
    </p>

    <p class='ocr_par' dir='ltr' id='par_1_8' title="bbox 348 1041 2023 1758">
     <span class='ocr_line' id='line_1_12' title="bbox 487 1041 2021 1098; baseline 0.001 -18"><span class='ocrx_word' id='word_1_57' title='bbox 487 1044 536 1080; x_wconf 87' lang='lat' dir='ltr'>In</span> <span class='ocrx_word' id='word_1_58' title='bbox 566 1041 818 1097; x_wconf 84' lang='lat' dir='ltr'>rupestribus</span> <span class='ocrx_word' id='word_1_59' title='bbox 848 1043 1147 1083; x_wconf 75' lang='lat' dir='ltr'>ardentissimis</span> <span class='ocrx_word' id='word_1_60' title='bbox 1176 1042 1580 1098; x_wconf 53' lang='lat' dir='ltr'>oraeJmeridionalis</span> <span class='ocrx_word' id='word_1_61' title='bbox 1609 1054 1822 1082; x_wconf 80' lang='lat' dir='ltr'>montosae</span> <span class='ocrx_word' id='word_1_62' title='bbox 1841 1041 2021 1082; x_wconf 86' lang='lat' dir='ltr'>Tauriae</span> 
     </span>
     <span class='ocr_line' id='line_1_13' title="bbox 348 1114 2022 1174; baseline 0.001 -20"><span class='ocrx_word' id='word_1_63' title='bbox 348 1114 451 1155; x_wconf 89' lang='lat' dir='ltr'>olim</span> <span class='ocrx_word' id='word_1_64' title='bbox 478 1115 632 1171; x_wconf 79' lang='lat' dir='ltr'>ubique</span> <span class='ocrx_word' id='word_1_65' title='bbox 663 1118 1010 1171; x_wconf 84' lang='lat' dir='ltr'>frequentissima,</span> <span class='ocrx_word' id='word_1_66' title='bbox 1041 1120 1113 1159; x_wconf 83' lang='lat' dir='ltr'>sed</span> <span class='ocrx_word' id='word_1_67' title='bbox 1143 1135 1251 1159; x_wconf 85' lang='lat' dir='ltr'>nunc</span> <span class='ocrx_word' id='word_1_68' title='bbox 1287 1130 1380 1174; x_wconf 85' lang='lat' dir='ltr'>post</span> <span class='ocrx_word' id='word_1_69' title='bbox 1406 1119 1580 1158; x_wconf 85' lang='lat' dir='ltr'>triennii</span> <span class='ocrx_word' id='word_1_70' title='bbox 1611 1129 1783 1158; x_wconf 76' lang='lat' dir='ltr'>aestates</span> <span class='ocrx_word' id='word_1_71' title='bbox 1813 1117 2022 1172; x_wconf 84' lang='lat' dir='ltr'>pluviosas</span> 
     </span>
     <span class='ocr_line' id='line_1_14' title="bbox 348 1190 2023 1246; baseline 0.002 -17"><span class='ocrx_word' id='word_1_72' title='bbox 348 1201 390 1229; x_wconf 90' lang='lat' dir='ltr'>et</span> <span class='ocrx_word' id='word_1_73' title='bbox 419 1190 588 1244; x_wconf 80' lang='lat' dir='ltr'>frigidas</span> <span class='ocrx_word' id='word_1_74' title='bbox 617 1196 836 1244; x_wconf 80' lang='lat' dir='ltr'>(annorum</span> <span class='ocrx_word' id='word_1_75' title='bbox 871 1199 967 1233; x_wconf 75' lang='lat'>1803</span> <span class='ocrx_word' id='word_1_76' title='bbox 1000 1219 1047 1224; x_wconf 92' lang='lat'>—-</span> <span class='ocrx_word' id='word_1_77' title='bbox 1087 1199 1220 1246; x_wconf 66' lang='lat'>1605.)</span> <span class='ocrx_word' id='word_1_78' title='bbox 1252 1210 1339 1233; x_wconf 80' lang='lat' dir='ltr'>rara</span> <span class='ocrx_word' id='word_1_79' title='bbox 1369 1195 1490 1233; x_wconf 80' lang='lat' dir='ltr'>facta.</span> <span class='ocrx_word' id='word_1_80' title='bbox 1548 1193 1687 1233; x_wconf 82' lang='lat' dir='ltr'>Etiam</span> <span class='ocrx_word' id='word_1_81' title='bbox 1717 1194 1768 1232; x_wconf 87' lang='lat' dir='ltr'>ad</span> <span class='ocrx_word' id='word_1_82' title='bbox 1793 1193 2023 1233; x_wconf 81' lang='lat' dir='ltr'>Caucasum</span> 
     </span>
     <span class='ocr_line' id='line_1_15' title="bbox 349 1252 2020 1321; baseline 0.002 -18"><span class='ocrx_word' id='word_1_83' title='bbox 349 1265 587 1312; x_wconf 75' lang='lat' dir='ltr'>observata,</span> <span class='ocrx_word' id='word_1_84' title='bbox 644 1281 762 1306; x_wconf 85' lang='lat' dir='ltr'>cursu</span> <span class='ocrx_word' id='word_1_85' title='bbox 803 1266 1086 1315; x_wconf 74' lang='lat' dir='ltr'>velocissima,</span> <span class='ocrx_word' id='word_1_86' title='bbox 1147 1277 1192 1305; x_wconf 85' lang='lat' dir='ltr'>ut</span> <span class='ocrx_word' id='word_1_87' title='bbox 1234 1252 1408 1321; x_wconf 62' lang='lat' dir='ltr'>sagittae</span> <span class='ocrx_word' id='word_1_88' title='bbox 1438 1269 1487 1307; x_wconf 90' lang='lat' dir='ltr'>ab</span> <span class='ocrx_word' id='word_1_89' title='bbox 1519 1282 1614 1307; x_wconf 86' lang='lat' dir='ltr'>arcu</span> <span class='ocrx_word' id='word_1_90' title='bbox 1644 1267 1839 1321; x_wconf 78' lang='lat' dir='ltr'>explosae</span> <span class='ocrx_word' id='word_1_91' title='bbox 1871 1267 2020 1307; x_wconf 85' lang='lat' dir='ltr'>similis</span> 
     </span>
     <span class='ocr_line' id='line_1_16' title="bbox 350 1339 2021 1395; baseline 0.002 -17"><span class='ocrx_word' id='word_1_92' title='bbox 350 1339 524 1390; x_wconf 81' lang='lat' dir='ltr'>feratur,</span> <span class='ocrx_word' id='word_1_93' title='bbox 556 1351 598 1381; x_wconf 86' lang='lat' dir='ltr'>et</span> <span class='ocrx_word' id='word_1_94' title='bbox 628 1340 699 1380; x_wconf 81' lang='lat' dir='ltr'>vix</span> <span class='ocrx_word' id='word_1_95' title='bbox 729 1340 919 1381; x_wconf 82' lang='lat' dir='ltr'>videatur</span> <span class='ocrx_word' id='word_1_96' title='bbox 947 1340 1121 1395; x_wconf 79' lang='lat' dir='ltr'>pedibus</span> <span class='ocrx_word' id='word_1_97' title='bbox 1151 1340 1227 1382; x_wconf 85' lang='lat' dir='ltr'>uti.</span> <span class='ocrx_word' id='word_1_98' title='bbox 1287 1344 1481 1383; x_wconf 82' lang='lat' dir='ltr'>Latebras</span> <span class='ocrx_word' id='word_1_99' title='bbox 1511 1342 1619 1382; x_wconf 82' lang='lat' dir='ltr'>iuter</span> <span class='ocrx_word' id='word_1_100' title='bbox 1648 1357 1763 1390; x_wconf 72' lang='lat' dir='ltr'>saxa,</span> <span class='ocrx_word' id='word_1_101' title='bbox 1796 1341 1840 1380; x_wconf 87' lang='lat' dir='ltr'>in</span> <span class='ocrx_word' id='word_1_102' title='bbox 1871 1341 2021 1381; x_wconf 85' lang='lat' dir='ltr'>fissuris</span> 
     </span>
     <span class='ocr_line' id='line_1_17' title="bbox 352 1414 2022 1472; baseline 0.002 -18"><span class='ocrx_word' id='word_1_103' title='bbox 352 1415 516 1469; x_wconf 86' lang='lat' dir='ltr'>rupium</span> <span class='ocrx_word' id='word_1_104' title='bbox 561 1426 604 1455; x_wconf 89' lang='lat' dir='ltr'>et</span> <span class='ocrx_word' id='word_1_105' title='bbox 642 1415 848 1456; x_wconf 84' lang='lat' dir='ltr'>cuniculis</span> <span class='ocrx_word' id='word_1_106' title='bbox 891 1414 1069 1456; x_wconf 83' lang='lat' dir='ltr'>murium</span> <span class='ocrx_word' id='word_1_107' title='bbox 1113 1415 1325 1456; x_wconf 76' lang='lat' dir='ltr'>derelictis</span> <span class='ocrx_word' id='word_1_108' title='bbox 1368 1417 1554 1472; x_wconf 81' lang='lat' dir='ltr'>quaerit3</span> <span class='ocrx_word' id='word_1_109' title='bbox 1612 1419 1685 1457; x_wconf 86' lang='lat' dir='ltr'>sed</span> <span class='ocrx_word' id='word_1_110' title='bbox 1714 1415 1850 1472; x_wconf 81' lang='lat' dir='ltr'>primo</span> <span class='ocrx_word' id='word_1_111' title='bbox 1880 1416 2022 1458; x_wconf 85' lang='lat' dir='ltr'>statim</span> 
     </span>
     <span class='ocr_line' id='line_1_18' title="bbox 349 1491 2022 1547; baseline 0.001 -17"><span class='ocrx_word' id='word_1_112' title='bbox 349 1505 446 1530; x_wconf 84' lang='lat' dir='ltr'>vere</span> <span class='ocrx_word' id='word_1_113' title='bbox 476 1502 667 1545; x_wconf 81' lang='lat' dir='ltr'>apparet,</span> <span class='ocrx_word' id='word_1_114' title='bbox 707 1491 750 1530; x_wconf 86' lang='lat' dir='ltr'>in</span> <span class='ocrx_word' id='word_1_115' title='bbox 780 1507 915 1531; x_wconf 75' lang='lat' dir='ltr'>serum</span> <span class='ocrx_word' id='word_1_116' title='bbox 944 1505 1070 1545; x_wconf 78' lang='lat' dir='ltr'>usque</span> <span class='ocrx_word' id='word_1_117' title='bbox 1100 1501 1342 1532; x_wconf 79' lang='lat' dir='ltr'>autumnum</span> <span class='ocrx_word' id='word_1_118' title='bbox 1372 1492 1504 1547; x_wconf 79' lang='lat' dir='ltr'>agilis,</span> <span class='ocrx_word' id='word_1_119' title='bbox 1562 1492 1702 1532; x_wconf 88' lang='lat' dir='ltr'>Primo</span> <span class='ocrx_word' id='word_1_120' title='bbox 1733 1506 1840 1532; x_wconf 84' lang='lat' dir='ltr'>anno</span> <span class='ocrx_word' id='word_1_121' title='bbox 1876 1503 2022 1532; x_wconf 83' lang='lat' dir='ltr'>ventre</span> 
     </span>
     <span class='ocr_line' id='line_1_19' title="bbox 349 1565 2022 1622; baseline 0.001 -17"><span class='ocrx_word' id='word_1_122' title='bbox 349 1565 420 1606; x_wconf 78' lang='lat' dir='ltr'>vix</span> <span class='ocrx_word' id='word_1_123' title='bbox 449 1565 667 1612; x_wconf 72' lang='lat' dir='ltr'>flavescit5</span> <span class='ocrx_word' id='word_1_124' title='bbox 724 1567 890 1606; x_wconf 75' lang='lat' dir='ltr'>adultae</span> <span class='ocrx_word' id='word_1_125' title='bbox 922 1581 1065 1606; x_wconf 88' lang='lat' dir='ltr'>omnes</span> <span class='ocrx_word' id='word_1_126' title='bbox 1095 1568 1234 1607; x_wconf 82' lang='lat' dir='ltr'>subtus</span> <span class='ocrx_word' id='word_1_127' title='bbox 1263 1566 1532 1607; x_wconf 86' lang='lat' dir='ltr'>fulvissimae.</span> <span class='ocrx_word' id='word_1_128' title='bbox 1590 1567 1833 1622; x_wconf 78' lang='lat' dir='ltr'>Fragilitate</span> <span class='ocrx_word' id='word_1_129' title='bbox 1865 1568 2022 1607; x_wconf 84' lang='lat' dir='ltr'>caudae</span> 
     </span>
     <span class='ocr_line' id='line_1_20' title="bbox 349 1641 2020 1698; baseline 0.001 -17"><span class='ocrx_word' id='word_1_130' title='bbox 349 1654 442 1681; x_wconf 88' lang='lat' dir='ltr'>cum</span> <span class='ocrx_word' id='word_1_131' title='bbox 473 1643 518 1681; x_wconf 92' lang='lat' dir='ltr'>L.</span> <span class='ocrx_word' id='word_1_132' title='bbox 550 1656 754 1698; x_wconf 80' lang='lat' dir='ltr'>europaea</span> <span class='ocrx_word' id='word_1_133' title='bbox 797 1641 995 1682; x_wconf 78' lang='lat' dir='ltr'>convenit</span> <span class='ocrx_word' id='word_1_134' title='bbox 1035 1653 1077 1682; x_wconf 88' lang='lat' dir='ltr'>et</span> <span class='ocrx_word' id='word_1_135' title='bbox 1119 1643 1402 1684; x_wconf 78' lang='lat' dir='ltr'>detruncatam</span> <span class='ocrx_word' id='word_1_136' title='bbox 1438 1642 1669 1698; x_wconf 73' lang='lat' dir='ltr'>appendice</span> <span class='ocrx_word' id='word_1_137' title='bbox 1699 1642 2020 1683; x_wconf 79' lang='lat' dir='ltr'>lumbriciformi</span> 
     </span>
     <span class='ocr_line' id='line_1_21' title="bbox 348 1715 674 1758; baseline 0.006 -2"><span class='ocrx_word' id='word_1_138' title='bbox 348 1715 499 1756; x_wconf 82' lang='lat' dir='ltr'>sensim</span> <span class='ocrx_word' id='word_1_139' title='bbox 528 1717 674 1758; x_wconf 77' lang='lat' dir='ltr'>reficit.</span> 
     </span>
    </p>

    <p class='ocr_par' dir='ltr' id='par_1_9' title="bbox 345 1792 2020 2375">
     <span class='ocr_line' id='line_1_22' title="bbox 488 1792 2018 1850; baseline 0.002 -19"><span class='ocrx_word' id='word_1_140' title='bbox 488 1793 664 1833; x_wconf 83' lang='lat' dir='ltr'>Descr.</span> <span class='ocrx_word' id='word_1_141' title='bbox 695 1793 925 1835; x_wconf 65' lang='lat' dir='ltr'>Per-similis</span> <span class='ocrx_word' id='word_1_142' title='bbox 953 1798 1000 1836; x_wconf 92' lang='lat' dir='ltr'>L.</span> <span class='ocrx_word' id='word_1_143' title='bbox 1029 1811 1274 1850; x_wconf 78' lang='lat' dir='ltr'>europaeae,</span> <span class='ocrx_word' id='word_1_144' title='bbox 1309 1797 1381 1835; x_wconf 84' lang='lat' dir='ltr'>sed</span> <span class='ocrx_word' id='word_1_145' title='bbox 1411 1795 1626 1850; x_wconf 77' lang='lat' dir='ltr'>gracilior,</span> <span class='ocrx_word' id='word_1_146' title='bbox 1657 1795 1787 1834; x_wconf 85' lang='lat' dir='ltr'>cauda</span> <span class='ocrx_word' id='word_1_147' title='bbox 1816 1792 2018 1847; x_wconf 76' lang='lat' dir='ltr'>longiore.</span> 
     </span>
     <span class='ocr_line' id='line_1_23' title="bbox 347 1867 2017 1924; baseline 0 -17"><span class='ocrx_word' id='word_1_148' title='bbox 347 1869 482 1923; x_wconf 78' lang='lat' dir='ltr'>Caput</span> <span class='ocrx_word' id='word_1_149' title='bbox 510 1867 668 1916; x_wconf 86' lang='lat' dir='ltr'>simile,</span> <span class='ocrx_word' id='word_1_150' title='bbox 699 1870 771 1908; x_wconf 86' lang='lat' dir='ltr'>sed</span> <span class='ocrx_word' id='word_1_151' title='bbox 802 1869 1002 1924; x_wconf 82' lang='lat' dir='ltr'>argutius,</span> <span class='ocrx_word' id='word_1_152' title='bbox 1033 1870 1424 1924; x_wconf 81' lang='lat' dir='ltr'>livido-gryseum‚</span> <span class='ocrx_word' id='word_1_153' title='bbox 1456 1872 1598 1910; x_wconf 83' lang='lat' dir='ltr'>subtus</span> <span class='ocrx_word' id='word_1_154' title='bbox 1629 1870 1788 1918; x_wconf 83' lang='lat' dir='ltr'>album,</span> <span class='ocrx_word' id='word_1_155' title='bbox 1818 1867 2017 1908; x_wconf 84' lang='lat' dir='ltr'>lateribus</span> 
     </span>
     <span class='ocr_line' id='line_1_24' title="bbox 347 1943 2017 2000; baseline 0.001 -18"><span class='ocrx_word' id='word_1_156' title='bbox 347 1943 771 1983; x_wconf 81' lang='lat' dir='ltr'>fusco-maculatum.</span> <span class='ocrx_word' id='word_1_157' title='bbox 844 1946 1006 1985; x_wconf 81' lang='lat' dir='ltr'>collare</span> <span class='ocrx_word' id='word_1_158' title='bbox 1048 1944 1210 1999; x_wconf 76' lang='lat' dir='ltr'>insigne</span> <span class='ocrx_word' id='word_1_159' title='bbox 1253 1959 1275 1985; x_wconf 86' lang='lat' dir='ltr'>e</span> <span class='ocrx_word' id='word_1_160' title='bbox 1317 1945 1497 2000; x_wconf 82' lang='lat' dir='ltr'>squamis</span> <span class='ocrx_word' id='word_1_161' title='bbox 1538 1955 1634 1985; x_wconf 83' lang='lat' dir='ltr'>octo</span> <span class='ocrx_word' id='word_1_162' title='bbox 1664 1944 1732 1984; x_wconf 80' lang='lat' dir='ltr'>vel</span> <span class='ocrx_word' id='word_1_163' title='bbox 1761 1962 1798 1998; x_wconf 90' lang='lat'>7.</span> <span class='ocrx_word' id='word_1_164' title='bbox 1873 1945 2017 1984; x_wconf 79' lang='lat' dir='ltr'>Venter</span> 
     </span>
     <span class='ocr_line' id='line_1_25' title="bbox 346 2017 2019 2074; baseline 0 -17"><span class='ocrx_word' id='word_1_165' title='bbox 346 2018 609 2073; x_wconf 70' lang='lat' dir='ltr'>quadruplici</span> <span class='ocrx_word' id='word_1_166' title='bbox 637 2017 783 2058; x_wconf 81' lang='lat' dir='ltr'>ordine</span> <span class='ocrx_word' id='word_1_167' title='bbox 814 2034 1072 2074; x_wconf 84' lang='lat' dir='ltr'>squamarum</span> <span class='ocrx_word' id='word_1_168' title='bbox 1101 2019 1320 2067; x_wconf 86' lang='lat' dir='ltr'>loricatus,</span> <span class='ocrx_word' id='word_1_169' title='bbox 1381 2020 1523 2061; x_wconf 85' lang='lat' dir='ltr'>medio</span> <span class='ocrx_word' id='word_1_170' title='bbox 1553 2017 1915 2073; x_wconf 76' lang='lat' dir='ltr'>longitudinaliter</span> <span class='ocrx_word' id='word_1_171' title='bbox 1943 2018 2019 2058; x_wconf 86' lang='lat' dir='ltr'>ful-</span> 
     </span>
     <span class='ocr_line' id='line_1_26' title="bbox 346 2093 2017 2151; baseline 0.001 -18"><span class='ocrx_word' id='word_1_172' title='bbox 346 2109 438 2143; x_wconf 78' lang='lat' dir='ltr'>vus,</span> <span class='ocrx_word' id='word_1_173' title='bbox 484 2093 678 2149; x_wconf 88' lang='lat' dir='ltr'>utrinque</span> <span class='ocrx_word' id='word_1_174' title='bbox 721 2094 886 2148; x_wconf 86' lang='lat' dir='ltr'>punctis</span> <span class='ocrx_word' id='word_1_175' title='bbox 928 2094 1055 2149; x_wconf 76' lang='lat' dir='ltr'>nigris</span> <span class='ocrx_word' id='word_1_176' title='bbox 1098 2095 1285 2151; x_wconf 86' lang='lat' dir='ltr'>stipatus.</span> <span class='ocrx_word' id='word_1_177' title='bbox 1358 2097 1488 2150; x_wconf 82' lang='lat' dir='ltr'>Supra</span> <span class='ocrx_word' id='word_1_178' title='bbox 1517 2110 1663 2150; x_wconf 83' lang='lat' dir='ltr'>corpus</span> <span class='ocrx_word' id='word_1_179' title='bbox 1694 2109 1907 2150; x_wconf 80' lang='lat' dir='ltr'>gryseum,</span> <span class='ocrx_word' id='word_1_180' title='bbox 1948 2094 2017 2135; x_wconf 88' lang='lat' dir='ltr'>vel</span> 
     </span>
     <span class='ocr_line' id='line_1_27' title="bbox 345 2168 2016 2227; baseline 0.001 -20"><span class='ocrx_word' id='word_1_181' title='bbox 345 2168 516 2221; x_wconf 81' lang='lat' dir='ltr'>glauco·</span> <span class='ocrx_word' id='word_1_182' title='bbox 535 2168 768 2219; x_wconf 87' lang='lat' dir='ltr'>cinereum,</span> <span class='ocrx_word' id='word_1_183' title='bbox 800 2169 926 2209; x_wconf 67' lang='lat' dir='ltr'>fascia</span> <span class='ocrx_word' id='word_1_184' title='bbox 956 2186 978 2210; x_wconf 84' lang='lat' dir='ltr'>a</span> <span class='ocrx_word' id='word_1_185' title='bbox 1007 2170 1173 2212; x_wconf 81' lang='lat' dir='ltr'>cervice</span> <span class='ocrx_word' id='word_1_186' title='bbox 1202 2171 1395 2227; x_wconf 85' lang='lat' dir='ltr'>utrinque</span> <span class='ocrx_word' id='word_1_187' title='bbox 1423 2169 1583 2226; x_wconf 85' lang='lat' dir='ltr'>triplici</span> <span class='ocrx_word' id='word_1_188' title='bbox 1610 2170 1813 2218; x_wconf 86' lang='lat' dir='ltr'>olivacea,</span> <span class='ocrx_word' id='word_1_189' title='bbox 1843 2168 2016 2210; x_wconf 86' lang='lat' dir='ltr'>maculis</span> 
     </span>
     <span class='ocr_line' id='line_1_28' title="bbox 354 2241 2015 2303; baseline 0.002 -23"><span class='ocrx_word' id='word_1_190' title='bbox 354 2241 676 2284; x_wconf 83' lang='lat' dir='ltr'>multiformibus</span> <span class='ocrx_word' id='word_1_191' title='bbox 704 2243 832 2299; x_wconf 82' lang='lat' dir='ltr'>nigris</span> <span class='ocrx_word' id='word_1_192' title='bbox 862 2257 1150 2295; x_wconf 86' lang='lat' dir='ltr'>concatenata,</span> <span class='ocrx_word' id='word_1_193' title='bbox 1209 2263 1379 2302; x_wconf 84' lang='lat' dir='ltr'>quarum</span> <span class='ocrx_word' id='word_1_194' title='bbox 1409 2247 1566 2303; x_wconf 85' lang='lat' dir='ltr'>duplex</span> <span class='ocrx_word' id='word_1_195' title='bbox 1602 2245 1746 2295; x_wconf 80' lang='lat' dir='ltr'>series,</span> <span class='ocrx_word' id='word_1_196' title='bbox 1803 2257 1931 2299; x_wconf 86' lang='lat' dir='ltr'>usque</span> <span class='ocrx_word' id='word_1_197' title='bbox 1963 2245 2015 2284; x_wconf 85' lang='lat' dir='ltr'>ad</span> 
     </span>
     <span class='ocr_line' id='line_1_29' title="bbox 348 2315 2020 2375; baseline 0.002 -20"><span class='ocrx_word' id='word_1_198' title='bbox 348 2315 568 2357; x_wconf 83' lang='lat' dir='ltr'>dimidiam</span> <span class='ocrx_word' id='word_1_199' title='bbox 597 2320 749 2359; x_wconf 82' lang='lat' dir='ltr'>caudae</span> <span class='ocrx_word' id='word_1_200' title='bbox 780 2320 1099 2375; x_wconf 79' lang='lat' dir='ltr'>longitudinem,</span> <span class='ocrx_word' id='word_1_201' title='bbox 1131 2322 1407 2364; x_wconf 79' lang='lat' dir='ltr'>continuatur.</span> <span class='ocrx_word' id='word_1_202' title='bbox 1467 2322 1656 2363; x_wconf 87' lang='lat' dir='ltr'>Medium</span> <span class='ocrx_word' id='word_1_203' title='bbox 1686 2319 1796 2360; x_wconf 74' lang='lat' dir='ltr'>dorsi</span> <span class='ocrx_word' id='word_1_204' title='bbox 1825 2319 2020 2359; x_wconf 87' lang='lat' dir='ltr'>interval·</span> 
     </span>
    </p>
   </div>
   <div class='ocr_carea' id='block_1_6' title="bbox 350 2390 2022 2452">
    <p class='ocr_par' dir='ltr' id='par_1_10' title="bbox 350 2390 2022 2452">
     <span class='ocr_line' id='line_1_30' title="bbox 350 2390 2022 2452; baseline 0.001 -20"><span class='ocrx_word' id='word_1_205' title='bbox 350 2390 438 2433; x_wconf 84' lang='lat' dir='ltr'>lum</span> <span class='ocrx_word' id='word_1_206' title='bbox 468 2391 604 2434; x_wconf 86' lang='lat' dir='ltr'>antice</span> <span class='ocrx_word' id='word_1_207' title='bbox 632 2408 725 2436; x_wconf 88' lang='lat' dir='ltr'>cum</span> <span class='ocrx_word' id='word_1_208' title='bbox 751 2407 869 2451; x_wconf 82' lang='lat' dir='ltr'>parte</span> <span class='ocrx_word' id='word_1_209' title='bbox 900 2396 1100 2452; x_wconf 82' lang='lat' dir='ltr'>cervicis,</span> <span class='ocrx_word' id='word_1_210' title='bbox 1144 2399 1447 2443; x_wconf 73' lang='lat' dir='ltr'>viridissimum.</span> <span class='ocrx_word' id='word_1_211' title='bbox 1517 2399 1687 2440; x_wconf 79' lang='lat' dir='ltr'>Femora</span> <span class='ocrx_word' id='word_1_212' title='bbox 1716 2396 1856 2437; x_wconf 87' lang='lat' dir='ltr'>subtus</span> <span class='ocrx_word' id='word_1_213' title='bbox 1883 2405 2022 2436; x_wconf 82' lang='lat' dir='ltr'>sutura</span> 
     </span>
    </p>
   </div>
  </div>
 </body>
</html>
