2185 2890
372 167 456 208 128
1135 167 1285 196 εει-ε.

572 295 686 330 101.
741 247 1082 327 COTTUS
1140 280 1490 324 Anostomus,
1546 275 1676 320 TAB.
1731 275 1861 319 XXI.

511 419 561 461 C.
595 417 734 474 capite
762 415 1142 473 parallelepipedo,
1173 411 1380 470 operculis
1407 409 1654 467 bispinosis,
1682 411 1856 452 maxilla
1884 408 2052 452 inferio·

373 510 416 537 re
452 492 807 550 perpendiculari,
844 491 973 547 spinis
1001 487 1420 547 postbranchialibus.

514 573 563 609 In
592 566 803 608 littoribus
834 565 1086 609 Chersonesi
1112 564 1314 614 tauricae,
1374 560 1618 618 praesertim
1645 560 1755 601 circa
1790 571 1955 616 portum
1986 560 2054 600 Se·

375 644 725 700 vastopolitanum
754 644 1029 696 (Ctenuntem)
1063 655 1147 681 non
1175 654 1266 679 raro
1295 639 1471 694 capitur.
1538 637 1619 676 Sed
1647 652 1730 677 non
1758 636 1803 675 in
1833 638 1891 676 M.
1922 635 2053 676 medi·

373 732 565 761 terraneo
592 729 751 758 tantum
780 716 1035 773 hospitatur,
1092 716 1166 755 secl
1206 726 1248 754 et
1287 713 1332 753 in
1373 716 1432 753 M.
1482 710 1648 766 belgico
1691 727 1712 751 a
1747 725 1814 751 me
1844 711 2054 765 quondam

373 797 614 836 observatus
643 805 726 843 est,
784 792 866 833 nisi
908 790 980 832 hic
1018 790 1157 847 specie
1189 789 1385 830 differat?
1441 788 1554 843 quod
1584 785 1839 842 comparatio
1869 785 2053 826 docebit.

377 871 501 911 Certe
533 868 783 908 simillnnus.

510 944 677 984 Descr.
721 943 950 996 Longituclo
979 939 1332 986 subdodrantalis‚
1377 950 1502 994 caput
1527 950 1573 986 ᾗ».
1603 937 1744 977 totius.
1802 938 1937 993 Caput
1966 936 2051 977 dia-

379 1030 513 1059 metro
544 1021 629 1059 fere
664 1016 1027 1072 sesquipollicare,
1060 1015 1548 1061 cuboideo-convexum,
1580 1027 1699 1066 supra
1728 1011 2049 1067 planiusculum,

374 1091 511 1132 antice
543 1093 778 1132 mandibula
807 1091 950 1146 plana,
979 1089 1168 1145 operculi
1197 1088 1327 1128 instar
1357 1086 1615 1127 verticaliter
1645 1101 1690 1126 os
1720 1088 1940 1127 claudente
1969 1098 2049 1126 ter-

374 1166 590 1206 minatum.
650 1168 828 1207 Maxilla
857 1170 1038 1220 superior
1066 1163 1289 1210 fornicata,
1331 1161 1563 1217 repostilis,
1595 1177 1787 1217 processu
1816 1162 1927 1202 inter
1957 1177 2052 1202 ocu-

375 1243 436 1281 los
465 1242 630 1290 inserta,
662 1255 744 1295 quo
773 1240 968 1294 propulso
999 1239 1081 1279 oris
1112 1238 1238 1278 rictus
1268 1248 1497 1277 extrorsum
1527 1251 1621 1275 cum
1652 1236 1823 1276 maxilla
1851 1236 2050 1278 inferiore

375 1314 638 1370 protenditur
682 1316 798 1368 (th.
843 1316 938 1367 A..)
1021 1315 1229 1367 Margines
1281 1311 1543 1351 maxillarum
1589 1310 2052 1361 denticulato-scabri3

375 1392 566 1431 denticuli
593 1400 805 1445 praeterea
834 1387 878 1428 in
921 1387 1057 1428 antica
1101 1401 1194 1427 area
1236 1386 1366 1442 palati
1403 1397 1447 1425 et
1474 1385 1674 1426 faucibus.
1744 1388 1903 1440 Lingua
1931 1389 2051 1429 basin

375 1464 457 1506 oris
487 1464 681 1520 opplens,
709 1464 949 1511 rotundatu,
982 1464 1097 1510 alba,
1127 1460 1496 1515 subcartilaginea,
1527 1464 1690 1501 adnata.
1750 1463 1871 1503 Oculi
1899 1463 2050 1518 superi,

377 1539 439 1580 ori
467 1550 511 1579 et
538 1540 647 1579 inter
676 1553 719 1578 se
749 1537 1049 1594 approximati‚
1080 1537 1299 1591 interjecta
1329 1537 1434 1575 fossa
1462 1537 1683 1590 quadrata,
1713 1536 1757 1576 in
1787 1552 1911 1593 quam
1940 1553 2052 1580 rece-

376 1614 440 1655 dit
470 1628 682 1669 processus
709 1612 909 1652 maxillae
938 1612 1172 1668 superioris.
1218 1614 1350 1668 Caput
1382 1622 1516 1651 totum
1546 1610 1773 1651 tuberculis
1802 1613 2051 1669 punctisque

375 1688 622 1745 prominulis
651 1687 870 1743 inaequale
901 1699 944 1728 et
971 1686 1179 1737 hiulcum,
1209 1702 1384 1742 quorum
1415 1687 1497 1727 duo
1527 1697 1778 1736 transversa,
1816 1687 1969 1727 detrita
1999 1690 2051 1729 ad

377 1762 558 1803 nucham
586 1762 799 1810 eminent3
857 1774 1011 1818 puncta
1039 1761 1284 1818 praesertim
1313 1761 1359 1801 in
1387 1759 1593 1816 opereulis
1622 1760 1817 1800 radiatim
1848 1761 2050 1816 disposita

380 1839 582 1894 Opercula
609 1837 903 1878 branchiarum
932 1837 1061 1892 magis
1093 1836 1319 1891 laevigata,
1376 1835 1508 1876 limbo
1548 1834 1646 1874 laxo
1687 1834 1879 1876 coriaceo
1908 1838 2049 1878 conni-

376 1914 537 1963 ventia,
596 1913 718 1953 lineis
761 1911 1035 1953 tuberculosis
1077 1910 1312 1951 subradiata
1353 1924 1550 1951 mucrone
1593 1907 1742 1950 conico
1775 1910 1968 1967 utrinque
1998 1915 2049 1954 ad

377 1989 572 2043 angulum
600 1987 866 2043 superiorem.
909 1987 1080 2028 Membr.
1111 1987 1357 2026 branchialis
1386 1984 1595 2025 radiorum
1627 1991 1662 2024 6.
1691 1995 1778 2025 tota
1808 2000 1900 2026 cum
1931 2002 2048 2043 oper-

377 2063 482 2103 culis
512 2064 665 2114 soluta,
707 2074 753 2103 ut
780 2062 917 2102 hiatus
946 2060 1241 2102 branchiarum
1272 2059 1472 2100 latissime
1501 2069 1662 2115 pateat,
1705 2060 1921 2101 Cottorum
1950 2062 2049 2103 reli-

377 2152 549 2192 quorum
582 2153 707 2179 more.
778 2139 904 2192 Spina
935 2151 1100 2192 magna,
1143 2147 1301 2185 erc-cta,
1353 2150 1463 2190 pone
1494 2145 1726 2189 aperturam
1754 2135 2048 2179 branchiarum

381 2227 499 2266 supra
542 2213 689 2269 pinnas
729 2213 973 2268 pectorales,
1060 2214 1215 2267 Corpus
1257 2209 1556 2259 ventricosum,
1615 2211 1753 2250 subtus
1799 2225 2048 2264 convexum,

379 2288 563 2328 crassitie
593 2287 762 2342 capitis,
807 2290 927 2328 dorso
955 2286 1280 2344 planiuseulum²
1323 2285 1464 2325 molle.
1521 2287 1667 2325 Lineae
1697 2289 1884 2326 laterales
1912 2289 1976 2338 (ut
2003 2287 2048 2328 in

381 2363 701 2417 congeneribus)
744 2376 925 2417 grossae,
981 2362 1240 2409 articulatae,
1296 2377 1335 2400 a⁴
1359 2359 1497 2400 nucha
1535 2375 1610 2416 per
1651 2362 1817 2401 dorsum
1845 2373 2048 2409 arcuatae,
