2185 2890
848 165 992 188 z
1665 154 1755 196 563

86 263 309 314 ΤῘιγηταΖῖο
348 273 390 302 et
418 265 602 318 Cyprino
635 260 868 312 Tschebak,
927 263 1064 305 Gobio
1102 275 1144 305 et
1173 263 1397 314 Cobitide,
1442 265 1526 306 fere
1557 265 1636 307 soli
1665 275 1760 306 sunt

77 337 247 377 istorum
281 338 496 378 fluviorum
527 337 727 392 hospites.
796 339 862 378 Ad
904 350 1128 381 cataractas
1170 351 1212 380 et
1252 340 1324 380 ubi
1372 341 1554 381 maxime
1596 343 1759 382 laborat

79 428 204 465 atqua,
248 413 381 452 hamis
412 412 527 452 omni
556 424 745 467 tempore
775 413 1008 468 capiuntur.
1068 416 1175 455 Caro
1211 416 1458 456 subrubeuti
1493 418 1614 464 alba,
1653 416 1757 471 sapi-

79 488 262 527 dissima.
309 488 401 527 Ova
428 504 579 543 parva,
612 489 740 537 flava,
772 488 815 528 in
846 490 1019 529 modum
1048 505 1221 530 ovorum
1251 491 1480 541 Sturionis,
1511 507 1644 547 pauco
1673 492 1757 530 sale

77 563 328 602 condiuntur
357 575 399 603 et
428 565 553 604 cruda
582 564 625 604 in
656 564 821 604 deliciis
851 576 954 604 sunt.
1026 565 1155 605 Piscis
1196 577 1357 606 tantum
1394 581 1536 606 reeens
1575 566 1758 606 comedi-

78 650 163 686 tur,
210 640 261 677 ad
304 639 549 679 salsamenta
586 651 627 679 et
664 639 859 679 siccando
888 639 1069 694 incptus.
1127 644 1258 681 Deest
1289 640 1612 682 Camtschaticis
1642 640 1757 696 aquis

75 725 117 753 et
149 715 319 754 Oceano
349 713 559 755 orientali.
616 718 777 754 Tamen
808 714 852 754 in
880 716 1055 770 Japonia
1087 717 1176 756 dari
1207 718 1348 758 fertur.

213 791 385 829 Descr.
428 792 480 841 (E
508 790 678 831 Juniore
711 790 1017 846 sesquipedali,
1049 791 1238 847 trilibri.)
1270 795 1405 847 Caput
1432 791 1754 841 breviusculum,

74 864 291 915 conicum,
335 867 554 914 obtusum,
598 881 734 906 versus
773 868 969 921 opercula
1009 878 1169 907 tantum
1212 883 1520 924 compressum3
1543 850 1550 860 .
1577 870 1757 909 Maxilla

73 945 254 995 superior
283 941 413 981 multo
451 941 779 996 prominentior,
825 943 964 982 medio
1005 958 1101 983 arcu
1140 944 1334 999 depresso
1377 944 1526 998 plana,
1569 958 1753 984 carnosa.

73 1019 258 1070 Utraque
290 1015 409 1057 extus
442 1018 609 1071 glabra,
654 1032 825 1066 carnosa
857 1032 993 1058 crasso
1024 1019 1236 1074 margine,
1276 1018 1499 1059 introrsum
1531 1017 1756 1060 denticulis

74 1091 248 1145 sparsis,
295 1092 479 1147 superior
519 1092 680 1146 duplici
723 1092 843 1132 serie.
917 1095 1090 1133 Lamina
1132 1104 1343 1147 mystacea
1390 1095 1594 1149 oblongi,
1647 1094 1753 1142 lata,

73 1168 364 1216 ‹rassiuscula‚
411 1167 549 1207 antico
580 1168 764 1222 margine
795 1168 1002 1208 uncinulis
1034 1171 1214 1209 dentata.
1274 1171 1455 1223 Linguae
1486 1185 1592 1224 apex
1623 1167 1755 1208 denti-

71 1242 147 1282 bus
177 1242 424 1295 majoribus,
455 1242 624 1282 circiter
653 1243 839 1290 octonis,
872 1244 1031 1298 duplici
1061 1244 1220 1285 ordine.
1271 1246 1462 1285 Palatam
1492 1245 1638 1292 laeve,
1658 1250 1753 1297 fau-

71 1332 137 1357 ces
164 1318 346 1358 scabrae.
410 1318 542 1358 [rides
581 1317 838 1358 filavescenti
884 1330 1126 1372 argenteae,
1168 1323 1326 1375 pupilla
1368 1319 1504 1360 antice
1549 1320 1753 1374 angulata.
1801 1341 1807 1345 ¹

74 1394 279 1446 Opercula
307 1392 567 1433 branchialia
597 1407 768 1448 magna,
811 1394 961 1448 angulo
991 1395 1237 1443 rotundata;
1278 1395 1463 1436 Flabella
1492 1394 1754 1434 branchialia

71 1468 495 1509 undeciiiilamellata.
562 1470 718 1522 Corpus
762 1469 1165 1524 macrolepidotum,
1210 1485 1418 1517 crassum,
1458 1469 1582 1510 latius
1626 1485 1752 1525 quam

69 1543 388 1599 praecedentis,
418 1545 539 1584 dorso
571 1543 875 1598 abdomineque
906 1544 1136 1599 aequaliter
1164 1546 1390 1595 convexis,
1422 1550 1483 1600 (at
1511 1545 1555 1585 in
1588 1543 1751 1598 majori-

68 1620 144 1659 bus
175 1619 268 1658 alvo
300 1618 428 1673 magis
459 1618 618 1673 gibba).
678 1621 803 1658 Linea
830 1619 1012 1659 lateralis
1042 1635 1063 1659 a
1095 1619 1186 1659 sinu
1216 1621 1425 1675 superiore
1454 1619 1750 1660 branchiarum

71 1694 196 1750 paulo
227 1695 513 1743 descendens,
559 1704 671 1733 recta
700 1693 800 1733 dein
833 1708 906 1749 per
936 1693 1073 1733 media
1105 1695 1258 1741 latera,
1302 1706 1442 1736 tamen
1472 1697 1593 1736 dorso
1623 1695 1748 1750 paulo

68 1769 250 1825 propior.
324 1771 474 1809 Pinnae
514 1767 732 1809 inferiores
775 1771 968 1809 rubentes
1015 1770 1195 1809 dorsales
1237 1771 1549 1826 subpunctatae.
1618 1771 1748 1810 Pinna

74 1846 248 1886 dorsalis
275 1847 486 1886 radiorum
517 1855 614 1886 octo
643 1845 694 1884 ad
732 1861 774 1884 12
806 1846 874 1885 vel
911 1852 969 1886 13.
998 1856 1163 1901 praeter
1192 1846 1343 1895 fulcra,
1378 1844 1519 1886 medio
1547 1856 1749 1885 transver-

72 1921 150 1961 sim
180 1922 291 1961 fusca
321 1921 389 1961 vel
418 1931 640 1976 punctam,
677 1935 814 1960 versus
845 1921 1075 1976 marginem
1106 1921 1337 1961 rubicunda
1366 1920 1576 1961 interdum
1608 1919 1749 1960 fascia-

70 2007 110 2036 ta
128 2026 139 2043 ,
167 1995 211 2036 in
242 1995 436 2036 maximis
463 1997 588 2036 rubro
618 1995 836 2043 ocellati53
867 1997 1039 2051 adiposa
1069 1997 1292 2051 majuscula
1323 1997 1540 2037 maculata.
1598 1997 1748 2036 Pinnae

69 2075 290 2127 pectorales
319 2071 770 2117 cinereo-lutescens,
811 2078 854 2112 16
885 2072 1120 2119 radiorum3
1157 2076 1355 2113 ventrales
1384 2073 1632 2121 subrubrae,
1666 2087 1747 2112 arn-

67 2147 158 2187 bitu
190 2148 464 2186 fuscescentes
483 2177 492 2195 ,
525 2146 732 2187 radiorum
771 2164 829 2187 10.
860 2162 1032 2201 quorum
1064 2148 1219 2203 primus
1250 2147 1457 2202 simplex,
1487 2147 1646 2196 tenuis,
1680 2149 1747 2188 ad-

68 2222 270 2262 miniculo
316 2221 502 2276 stipatus,
580 2223 759 2278 Squama
804 2223 1008 2277 oblonga,
1055 2223 1256 2277 insignis,
1303 2222 1568 2263 crassiuscula
1611 2224 1661 2263 ad
1704 2240 1745 2279 p.

69 2297 288 2345 ventrales,
347 2298 392 2335 P.
424 2302 491 2336 ani
527 2314 566 2336 11
602 2308 641 2337 et
678 2315 736 2338 12.
784 2299 869 2338 rad.
909 2300 1132 2348 subrubra,
1181 2297 1365 2353 margine
1405 2299 1529 2339 fusca.
1599 2299 1744 2340 cauda

67 2372 400 2421 fusco-rubens,
430 2373 555 2414 bifida
574 2404 585 2422 ‚
630 2372 783 2413 lacinia
813 2374 1025 2429 superiore
1055 2375 1179 2430 paulo
1210 2374 1444 2428 angustiore
1473 2385 1514 2414 er
1546 2374 1743 2415 acutiore.

1281 2460 1307 2476 ’δ
