2185 2890
245 280 293 319 In
322 275 426 317 mari
453 276 580 316 'boreo
610 272 845 314 observavit
874 289 912 328 p.
943 288 994 313 m.
1027 274 1196 327 Collega
1225 273 1259 313 J.
1290 274 1555 328 Lepechin.
1600 273 1772 328 Elegan-

107 354 189 395 tior
227 352 397 408 reliquis
442 361 484 389 et
524 347 711 404 apprime
753 347 949 387 diversus.
1019 347 1463 402 Archangelopolitani
1508 350 1681 390 credunt
1723 348 1773 388 ad

107 429 239 469 febres
267 425 589 468 intermittentes
619 423 853 478 pellencla5‚
898 434 1125 463 comestum
1154 423 1363 478 prodesse.

272 554 346 602 78.
401 546 957 593 ANARHICHAS
1014 551 1323 593 orienralis.
1364 548 1493 591 TAB.
1532 549 1613 592 XI.

242 659 294 699 A.
325 671 496 713 corpore
526 655 761 697 ventricoso
791 655 1028 711 ferrugineo
1057 657 1278 704 nebuloso,
1321 657 1443 697 labiis
1472 656 1553 697 oris
1583 669 1776 697 caruncu-

107 733 223 775 losis.

214 807 355 850 Rossis
384 809 436 848 ad
453 808 669 849 Oceanum
697 807 944 849 orientalem
959 809 1116 865 Cape'la
1147 820 1189 849 et
1203 810 1311 850 Salia
1339 808 1446 862 ryba
1461 806 1592 861 (canis
1614 804 1775 862 piscis.)

216 883 408 925 Coraecis
438 885 636 924 Attahizn.
695 884 848 925 Curilis
878 885 1072 940 Hannipe.

215 956 544 1000 Camtschadalis
572 960 798 1012 deehapel
827 960 896 998 vel
925 961 1167 1014 Koschpelcz}

243 1035 312 1072 Ad
342 1033 457 1073 littus
487 1032 691 1072 orientale
723 1032 1037 1073 Camtschatcae
1066 1048 1148 1072 non
1177 1049 1266 1075 raro
1303 1033 1493 1074 fluctibus
1524 1031 1779 1080 eliminatur:

109 1123 231 1150 carne
262 1107 471 1163 praeditus
500 1105 614 1146 dulci
644 1117 685 1145 et
712 1105 906 1161 insipida.
966 1107 1150 1147 Pascitur
1179 1108 1420 1162 praesertim
1451 1106 1636 1147 Echinis.
1694 1110 1775 1145 De-

110 1183 376 1238 scriptionem
407 1192 448 1221 et
475 1184 711 1221 Anatomen
738 1179 848 1220 inter
888 1183 1091 1222 Stelleri
1137 1183 1371 1222 adversaria
1408 1193 1636 1237 repertam,
1676 1180 1775 1234 adji-

110 1257 177 1299 cio
206 1267 458 1310 excerptam.
516 1255 682 1294 Mordet
710 1254 983 1303 ferocissime,
1015 1266 1057 1295 ut
1087 1257 1256 1295 baculos
1287 1268 1469 1311 arreptos
1498 1257 1670 1310 frangat.

247 1333 417 1371 De‘scr.
449 1331 608 1383 „Saepe
639 1327 867 1383 bipedalis,
897 1329 1026 1369 forma
1057 1331 1141 1370 sere
1171 1333 1326 1380 Lotae,
1358 1331 1392 1371 si
1421 1341 1542 1386 caput
1574 1330 1773 1387 excipias,

109 1421 334 1458 ,‚crassum,
367 1419 619 1450 convexum,
648 1413 849 1453 retusum,
878 1405 1017 1444 subtus
1048 1406 1223 1446 buccato
1241 1406 1575 1454 —ventricosum,
1617 1406 1773 1447 vertice

110 1492 323 1536 „angusta
393 1481 575 1519 Maxilla*
613 1483 793 1533 superior
834 1479 958 1533 paulo
1001 1479 1181 1535 longior,
1240 1483 1400 1533 inferior
1439 1480 1575 1521 latior.
1645 1482 1776 1522 Labia

112 1555 349 1609 „utriusque
380 1553 647 1602 crassissima,
707 1568 897 1602 carnosa,
949 1555 1212 1595 maxillarum
1244 1556 1354 1612 apici
1382 1556 1569 1595 fraenulo
1601 1556 1774 1605 adnexa,

113 1631 250 1681 „intus
280 1628 420 1668 multis
465 1627 694 1667 carunculis
738 1627 896 1667 carneis
938 1639 980 1667 et
1021 1629 1308 1684 appendiculis
1351 1629 1559 1670 laciniatis
1598 1630 1700 1682 (Fere
1730 1641 1776 1670 ut

110 1705 329 1757 „canibus)
359 1702 713 1758 propendentibus
740 1701 975 1756 inaequalia
1003 1714 1045 1742 et
1071 1718 1235 1758 rugosa,
1277 1706 1327 1744 ad
1356 1705 1483 1744 latera
1512 1703 1775 1755 crassissima,

111 1778 320 1830 ‚,tumida,
378 1793 430 1817 ex
463 1777 558 1817 albo
601 1788 643 1817 et
685 1777 798 1817 fusco
839 1777 1060 1831 variegata,
1128 1780 1382 1833 Appendices
1410 1779 1608 1818 fraenales
1638 1794 1776 1819 osseae

113 1869 271 1903 „crassa
300 1864 393 1893 cute
430 1863 579 1892 tectae.
652 1851 833 1891 Scissura
875 1851 955 1892 oris
999 1854 1153 1908 ampla,
1209 1858 1334 1895 rictus
1378 1865 1539 1908 apertus
1582 1853 1774 1893 caninum

113 1927 327 1982 „apprime
356 1928 493 1967 refert.
551 1927 610 1966 Os
637 1925 746 1966 intus
776 1927 894 1976 albo,
927 1928 1069 1976 rubro,
1102 1927 1301 1983 nigroque
1331 1929 1598 1983 variegatum.
1657 1931 1776 1971 Pala-

113 2012 226 2052 „tum
254 2001 362 2041 intus
392 2017 444 2041 ex
476 2002 569 2042 albo
600 2012 642 2040 et
670 2001 784 2041 fusco
814 2001 988 2041 varium.
1045 2004 1194 2043 Dentes
1221 2003 1265 2043 in
1297 2004 1466 2043 maxilla
1496 2003 1703 2058 superiore
1734 2016 1776 2046 et

114 2076 232 2131 „ipso
261 2075 379 2129 apice
410 2075 490 2115 oris
519 2075 800 2129 prominentes
830 2090 902 2115 sex
932 2076 1073 2116 canini
1099 2077 1143 2117 in
1172 2077 1475 2118 semicirculum
1494 2078 1631 2132 positi3
1661 2083 1777 2133 juxta

115 2149 220 2200 „hos
257 2167 299 2188 12
331 2150 474 2188 dentes
505 2149 632 2198 acuti,
676 2150 829 2205 pariter
856 2150 900 2190 in
930 2151 1236 2192 semicirculum
1266 2153 1419 2198 locati‚·
1467 2154 1516 2191 ab
1548 2152 1614 2192 his
1644 2168 1773 2195 remo-

117 2223 314 2274 „tiusculi
342 2224 385 2263 in
415 2223 554 2278 palato
582 2235 663 2264 tres
693 2224 816 2264 series
847 2226 1107 2280 duplicatae,
1150 2226 1508 2279 longitudinaliter
1537 2229 1775 2282 parallelae,

117 2298 214 2348 „cui
244 2298 444 2347 minores,
475 2297 630 2347 conici,
663 2300 909 2347 acutissimi,
945 2300 1186 2354 similesque
1214 2301 1259 2340 in
1287 2301 1457 2340 maxilla
1485 2301 1682 2343 inferiore
1711 2318 1777 2344 eo-

116 2373 322 2429 „demque
352 2387 544 2427 numero,
574 2372 822 2429 pectinatim
852 2389 945 2416 cum
976 2375 1252 2432 superioribus
1282 2382 1502 2428 coeunte53
1541 2376 1694 2420 dehinc
1724 2379 1777 2420 ad
