2185 2890
367 209 426 251 74
1133 206 1278 231 .-'——-—.

364 310 663 366 „appendicula
692 307 862 349 mobilis
891 321 966 363 pro
994 303 1135 347 lubitu
1164 305 1372 347 clauditur
1399 316 1441 347 et
1470 303 1664 362 aperitur,
1694 303 1843 344 eadem
1881 303 2043 345 ratione

365 384 517 437 „acin
566 383 765 425 Cobitide
812 383 986 424 Taenia.
1059 384 1176 423 Anus
1217 385 1386 423 tertiam
1428 393 1590 438 partem
1632 378 1816 436 corporis
1857 378 2047 420 inchoat.

363 461 520 510 „Pinna
549 458 594 499 in
624 460 745 500 dorso
774 458 916 507 unica,
973 456 1017 497 in
1060 457 1203 498 medio
1243 459 1364 499 dorso
1405 457 1558 512 incipit
1599 467 1641 496 et
1681 456 1767 496 fere
1807 456 1859 495 acl
1888 455 2045 495 caudae

364 533 562 586 „initium
590 533 739 589 pergit.
809 535 959 573 Pinnae
989 533 1333 587 postbranchiales
1368 532 1650 589 pectoralibus
1681 531 1894 586 aliquanto
1926 529 2047 573 altio·

364 624 470 660 ,‚res.
542 612 586 648 P.
617 612 859 663 ρεοιοηιῖεε,
917 622 1022 662 quac
1068 609 1130 648 CZ.
1174 609 1318 649 Artedi
1346 608 1554 648 ventrales
1583 621 1800 662 perperam
1830 606 2039 656 dicuntur,

362 683 650 733 „acetabulum
679 682 871 737 utrinque
902 682 1116 731 ambiunt,
1144 682 1190 723 in
1220 683 1455 724 summitate
1485 692 1726 730 concretae,
1757 696 1834 722 nec
1864 681 2042 721 multum

364 759 554 808 „solutae
585 769 690 798 sunt.
747 759 876 797 Pinna
905 768 998 812 post
1026 773 1150 798 anum
1179 758 1390 798 semuncia
1421 759 1472 798 ab
1503 773 1581 797 ano
1610 756 1784 812 incipit,
1823 772 1869 797 ac
1899 756 2044 796 deficit

360 833 463 882 „ubi
507 849 549 888 p.
592 832 716 872 dorsi.
790 833 935 872 Gauda
976 843 1069 886 post
1113 848 1235 873 anum
1277 833 1413 872 subito
1459 832 1706 886 gracilescit.
1772 832 2045 871 Acetabulum

361 906 500 956 „intra
543 923 585 962 p.
625 907 857 962 pectorales
904 907 1156 960 (venti-ales,
1215 906 1503 963 magnitudine
1547 906 1710 948 denarii
1753 905 1960 961 misnici).
1989 930 2044 937 --

360 983 558 1030 „Interna
586 982 631 1022 in
659 981 771 1022 sicco
804 981 918 1037 pisce
949 983 1166 1022 dee1·ant.“

367 1116 442 1162 73.
481 1112 1095 1158 CYCLOPTERUS
1133 1117 1496 1158 ventricosus.
1537 1115 1667 1158 TAB.
1691 1116 1772 1158 IX.
1805 1112 1886 1170 fig.
1910 1120 2042 1172 2—4.

505 1207 553 1249 C.
585 1222 756 1261 corpore
786 1206 898 1246 laevi
928 1217 1051 1246 ovato
1081 1207 1348 1256 ventricoso,
1378 1206 1516 1247 vesica
1545 1207 1688 1247 biloba
1716 1206 1898 1261 turgido.

579 1281 854 1335 Cyclopterus
884 1280 1160 1329 ventricosus,
1217 1282 1357 1321 Pallas
1398 1282 1537 1335 Spicz'l.
1578 1281 1694 1322 Zool.
1725 1283 1840 1322 Fasc.
1878 1282 1968 1321 VII.
1999 1297 2043 1336 p.

646 1362 706 1395 15.
741 1355 824 1394 tab.
860 1372 896 1394 2.
917 1357 1002 1409 fig.
1038 1372 1052 1394 1
1088 1380 1136 1387 —-
1170 1362 1207 1396 3.
1238 1357 1408 1396 Gmelin.
1437 1356 1548 1409 Syst.
1581 1357 1656 1395 ΙΙΙ.
1688 1372 1728 1411 p.
1765 1363 1879 1409 1476.
1909 1371 1969 1411 sp.
2002 1363 2042 1397 6.

471 1428 805 1470 Camtschadalis
834 1431 1045 1485 Dacchpu.

500 1508 567 1543 Ex
597 1504 768 1544 Oceano
802 1503 998 1544 orientali
1025 1519 1109 1544 non
1146 1518 1237 1544 raro
1275 1503 1468 1545 fluctibus
1496 1504 1542 1545 in
1571 1504 1689 1545 littus
1720 1504 2040 1547 Camtschatcae

362 1575 548 1632 ejicitur,
579 1579 726 1620 edujis.
1808 1583 1812 1586 ⁴

613 1696 675 1746 74
740 1687 836 1732 CY
859 1688 896 1733 C
918 1691 1011 1731 LO
1033 1689 1357 1732 PTERUS
1421 1693 1791 1747 gelatizzoszm.

499 1802 546 1843 C.
581 1802 805 1856 oblongus,
860 1801 1003 1843 mollis
1028 1802 1161 1843 nudus
1189 1816 1349 1853 roseus,
1404 1803 1545 1858 pinnis
1580 1803 1858 1858 pectoralibus
1889 1802 2040 1843 latissi-

362 1876 460 1928 mis,
507 1892 585 1917 ano
614 1876 805 1931 jugulari.

581 1955 717 2007 Lepus
749 1950 952 2000 marinus,
982 1953 1136 1993 Steller.
1167 1952 1250 1993 οὒς.
1280 1955 1402 1993 ichth.
1432 1954 1520 1993 MS.

579 2027 854 2081 Cyclopterus
885 2026 1159 2080 gelatinosus,
1197 2028 1302 2067 Pan.
1332 2029 1472 2084 Spicil.
1501 2028 1619 2068 Zool.
1650 2029 1741 2068 VII.
1770 2045 1810 2084 p.
1847 2045 1907 2080 19·
1936 2037 1966 2069 t.
1998 2034 2038 2070 3,

625 2106 708 2156 sig.
755 2119 768 2140 1
804 2127 852 2132 —-
884 2109 922 2143 6.

469 2175 612 2217 Rossis
653 2176 698 2216 in
741 2176 1034 2218 Camtschatca
1073 2177 1254 2217 Morskoi
1299 2177 1487 2218 Uschkan
1532 2176 1562 2217 i.
1605 2192 1642 2219 e.
1673 2178 1854 2219 marinus
1882 2181 2044 2234 Lepus„

526 2252 579 2291 ob
609 2252 783 2291 formam
813 2251 979 2307 capitis.

501 2326 550 2363 In
582 2325 665 2364 alto
695 2325 856 2366 Oceani
898 2326 1132 2377 orientalis,
1187 2342 1266 2368 nec
1307 2342 1391 2368 non
1437 2327 1483 2368 in
1524 2328 1692 2369 sinubus
1733 2340 1774 2368 et
1810 2326 2041 2368 recessibus

363 2397 489 2445 maris
518 2398 651 2451 vivit,
680 2413 758 2442 nec
787 2416 878 2443 raro
905 2401 1102 2458 procellis
1132 2402 1327 2460 egeritur.
1387 2407 1500 2447 Iners
1529 2416 1575 2447 et
1601 2397 1923 2459 molle‘corPUS,
1951 2402 2038 2443 fere
