2185 2890
871 190 1013 199 -ffi
1713 171 1767 214 43

101 276 284 318 animose
314 286 456 316 contra
482 273 702 315 inimicum
731 273 958 328 jaculatur,
1016 283 1062 313 ut
1104 284 1303 327 equorum
1331 269 1443 313 labia
1471 271 1678 314 mordicus
1708 289 1774 330 ap-

98 351 370 408 prehendisse
400 350 488 391 visa
517 349 583 392 sit.
643 351 866 392 Caeterum
895 348 1109 389 innocuus.

236 429 420 468 Descr.
464 425 855 482 Quinquepedalem
886 424 1194 479 longitudinem
1223 438 1307 466 non
1337 439 1426 465 raro
1457 437 1633 480 superat.
1692 426 1774 466 Ca-

98 515 171 560 pul:
200 504 350 551 forma,
415 513 461 541 ut
489 501 673 551 Natrici‚
730 512 861 541 rostro
894 501 1127 550 tetraedro‚
1189 501 1349 540 obtuso.
1423 501 1613 542 Palatum
1640 501 1773 540 cristis

99 581 253 620 duabus
282 576 467 618 breviter
497 576 784 625 denticulatis,
835 579 1009 616 maxilla
1036 575 1221 630 simplici
1249 575 1395 616 ordine
1430 574 1622 615 dentium
1650 575 1722 615 vix
1753 589 1774 615 e

98 653 267 710 gingiva
297 652 611 707 emergentium.
683 655 842 707 Lingua
871 650 1112 706 longissima
1141 650 1272 706 nigra.
1344 653 1498 706 Corpus
1527 662 1653 698 teres,
1707 667 1776 706 pa-

99 745 189 769 rum
219 741 263 769 et
291 728 403 768 lente
435 742 571 768 versus
602 727 789 768 medium
819 727 1103 767 incrassatum.
1173 728 1376 783 Squamae
1408 727 1633 781 oblongae,
1681 741 1778 767 con-

100 804 387 853 vexiusculae,
430 817 507 843 nee
537 802 636 843 stria
665 803 893 851 calinatae,
942 802 1104 850 laeves,
1135 803 1324 843 laterales
1359 803 1516 851 ovales,
1549 802 1621 842 vix
1652 804 1776 855 majo-

100 894 177 920 res.
248 880 392 920 Gauda
422 880 507 919 fere
536 890 680 933 quarta
709 894 801 934 pars
831 877 1120 932 longitudinis.
1166 904 1213 909 —
1261 879 1384 918 Scuta
1422 876 1704 917 abdominalia
1732 876 1778 915 in

102 954 226 995 variis
255 956 472 995 observata
508 971 593 1006 197·
625 979 680 985 -—-
718 972 804 1006 199.
837 980 885 985 —-
919 960 1010 993 206.
1043 979 1090 984 —
1124 970 1214 994 210.
1279 954 1480 1008 Squamae
1509 951 1777 993 subcaudales

101 1029 255 1070 iisdem
293 1036 378 1070 106.
411 1055 459 1060 -—
492 1037 556 1071 52.
591 1055 640 1061 ——-
673 1037 737 1071 58.
769 1055 817 1061 -
851 1038 903 1081 74
932 1027 1107 1083 parium.
1178 1029 1424 1083 Operculum
1464 1027 1533 1067 ani
1572 1026 1786 1070 bilobum„

100 1106 236 1160 Caput
266 1104 663 1159 gryseo-cinerum,
721 1103 850 1158 magis
881 1103 1069 1143 minusve
1100 1103 1283 1151 fuscum3
1358 1102 1554 1142 maxillae
1592 1100 1776 1157 pallidae

102 1181 171 1220 vel
200 1182 347 1229 flavae,
379 1179 528 1219 suturis
559 1180 627 1219 vel
656 1179 829 1218 maculis
860 1177 996 1218 fuscis.
1060 1178 1251 1226 Maculae
1280 1177 1492 1217 interdum
1521 1178 1659 1216 fuscae
1689 1190 1777 1215 ver-

103 1254 217 1304 ticis,
263 1253 443 1302 nuchae,
481 1253 548 1293 vel
579 1254 651 1292 sub
681 1253 803 1292 oculo
832 1251 1042 1305 obliquae.
1103 1253 1292 1307 Corporis
1321 1251 1436 1291 color
1464 1267 1585 1306 supra
1617 1264 1778 1305 gryseo-

100 1329 307 1379 cinereus,
363 1329 609 1384 plerumque
662 1326 960 1382 longitudinali
1009 1338 1144 1367 tractu
1195 1341 1456 1380 squamarum
1504 1325 1693 1381 pallido-
1712 1326 1778 1364 Ha-

102 1416 320 1455 vescente‚
351 1406 461 1445 unde
493 1403 656 1443 striatus
687 1413 870 1457 apparet.
929 1403 1135 1443 Interdum
1165 1402 1315 1456 strigae
1345 1400 1506 1456 aliquot
1530 1403 1602 1455 (Β.)
1635 1400 1780 1440 distin-

99 1479 266 1520 ctiores.
339 1481 486 1520 Subtus
522 1479 637 1519 color
674 1493 835 1530 semper
872 1477 1361 1534 flavescente-pallidus,
1420 1476 1550 1531 magis
1591 1475 1779 1516 minusve

100 1555 247 1604 ssavus,
304 1555 515 1595 interdum
555 1554 720 1609 punctis
763 1553 906 1594 lividis
953 1553 1100 1608 sparsis
1129 1551 1417 1608 petechizans,
1475 1551 1543 1591 vel
1573 1561 1615 1590 et
1643 1549 1778 1590 lituris

99 1630 425 1670 fuscescentibus
454 1641 630 1670 notatus.
689 1633 737 1668 In
767 1632 942 1681 majore,
985 1642 1109 1682 quem
1139 1627 1248 1674 vidi,
1278 1627 1495 1682 longitudo
1527 1636 1615 1665 tota
1644 1624 1691 1675 4'.
1725 1622 1777 1665 2⁰.

103 1706 258 1744 caudae
289 1706 349 1756 9⁰.
382 1705 449 1758 7'''.
480 1703 629 1759 capitis
665 1708 715 1744 1''.
748 1704 814 1745 3'''.
844 1704 917 1743 sed
948 1702 1037 1742 vidi
1067 1702 1237 1741 exuvias
1265 1701 1643 1757 quinquepeclale5‚
1693 1700 1779 1740 imo

105 1781 158 1819 ad
187 1791 346 1835 septem
376 1781 532 1836 pedum
560 1778 866 1835 longitudinem
897 1778 942 1818 in
970 1776 1122 1818 Tauria
1156 1777 1389 1817 excrevisse
1420 1791 1443 1817 e
1473 1775 1565 1817 fidis
1595 1774 1781 1817 testimo-

106 1853 187 1894 niis
217 1854 363 1896 didici.

465 1972 542 2025 39.
620 1967 1010 2012 COLUBER
1093 1968 1424 2010 acontistes.

240 2081 290 2121 C.
328 2095 446 2136 supra
474 2081 851 2135 glauco-cinereus
880 2081 1022 2123 albido
1051 2080 1240 2130 striatus‚
1285 2082 1425 2120 subtus
1455 2079 1672 2118 lutescens.

217 2156 557 2197 Tauro-Tataris
588 2159 676 2199 Ok-
695 2160 870 2198 Dslzillm
899 2157 1078 2211 (Sagitta
1108 2160 1308 2211 serpens).

240 2234 288 2270 In
317 2229 497 2270 Tauriae
528 2244 746 2272 montanae
777 2232 1004 2272 nemorosis
1041 2243 1083 2272 et
1120 2231 1252 2271 hortis
1298 2231 1507 2283 frequens,
1569 2241 1690 2283 saepe
1721 2241 1781 2266 or-

101 2305 260 2361 gyalis,
315 2305 491 2346 nimium
538 2306 810 2360 praecedenti
855 2307 1032 2354 similis,
1089 2318 1134 2346 ut
1179 2322 1200 2345 a
1242 2304 1443 2358 sylv-atico
1480 2314 1639 2343 tantum
1670 2301 1780 2341 vitae

102 2395 253 2436 genere
283 2383 422 2424 colore
445 2393 487 2423 et
509 2382 691 2423 moribus
715 2392 891 2422 mutatus
920 2382 1124 2422 videatur.
1171 2379 1307 2420 Etiam
1328 2381 1377 2419 ad
1402 2383 1532 2419 Tereo
1564 2380 1602 2419 ss.
1637 2376 1778 2417 hortos
