2185 2890
877 159 1025 198 ,-······-—-=
1739 157 1794 208 69

113 278 191 308 tum
217 272 277 306 vel
302 270 477 306 circulare
503 267 592 315 (Fig.
619 261 670 311 2.)
697 266 744 301 ad
769 270 965 312 sugendum
991 272 1186 312 idoneum,
1235 270 1332 304 labio
1359 270 1604 305 crassiusculo
1638 271 1785 315 papillis

116 335 358 366 minutissimis
387 332 475 377 (Fig.
504 340 534 364 Ω.
564 342 588 363 c.
622 326 658 364 Ξ).
698 327 749 377 d.)
789 330 1045 363 mucronulatis
1085 332 1220 363 scabris
1267 332 1385 364 obsito
1424 335 1610 373 cinctum,
1664 332 1787 364 ordine

117 394 278 426 dentium
305 394 548 424 flavicantium
575 390 741 423 circulari
780 393 886 423 unico
925 387 991 435 (ee)
1032 392 1223 434 majoribus
1260 391 1485 424 inferioribus
1514 392 1591 423 basi
1619 393 1790 424 connexis

120 455 163 497 (ἱ)
192 464 271 485 cum
299 456 451 494 quatuor
477 450 694 483 centralibus
722 451 776 494 (g)
814 451 969 482 maxime
1008 451 1264 483 biinucronatis
1297 451 1362 493 (w)
1391 455 1427 483 et
1453 452 1572 493 lingua
1601 454 1676 494 ips'ei
1705 452 1790 484 den-

116 513 265 546 ticulata
292 511 344 554 (h)
373 513 407 542 in
435 511 545 542 fundo
573 511 763 553 repletum.
829 507 953 542 Dentes
991 513 1137 542 miniato
1157 509 1274 542 -lutei
1308 512 1423 542 conici
1450 512 1658 551 incurvati,
1697 514 1791 544 intus

117 575 197 605 cavi
224 573 380 613 margine
405 571 551 602 basilari
578 580 728 602 carnoso
755 572 888 610 cincti,
942 570 1119 602 centrales
1146 569 1383 601 bimucronati
1412 571 1480 612 (g).
1546 569 1643 601 Ordo
1671 572 1795 602 unicus

119 632 277 664 dentium
304 633 340 661 in
379 631 581 671 circulum,
634 631 734 661 cuius
773 629 919 661 inferior
958 640 1061 662 arcus
1101 640 1121 661 a
1161 629 1355 671 majoribus
1384 630 1487 662 dictis
1514 630 1590 662 basi
1619 632 1791 661 connexis

119 692 323 732 clauditur,
353 690 610 733 dispositorum
637 691 800 721 exterior
827 693 881 721 est
907 692 945 721 et
972 689 1067 720 labio
1095 688 1261 721 circulari
1291 691 1460 732 proprior
1477 713 1487 730 ‚
1529 699 1592 732 par
1620 691 1794 732 majorum

119 752 280 783 dentium
306 750 639 781 bimucronatorum
667 749 825 781 centrale
853 752 890 781 et
916 760 981 792 par
1007 751 1184 780 minorum
1213 759 1319 791 supra
1346 748 1506 781 centrale
1534 750 1677 781 ordines
1705 750 1796 780 inte·

121 813 232 843 riores
260 813 495 852 componunt.

219 871 288 901 Sub
315 872 386 901 oris
413 872 536 901 centro
563 868 670 909 lingusz
698 871 774 911 ipsa
803 872 838 901 in
865 869 1021 902 faucium
1049 869 1158 901 fundo
1185 871 1371 910 cernitur,
1425 870 1552 913 pistilli
1580 869 1799 913 pneumatici

122 933 159 964 in
186 930 390 972 adsugendo
420 933 457 961 et
485 929 702 960 remittendo
731 931 825 961 vices
853 940 1005 971 gerens,
1037 929 1349 971 hemisphaerica,
1379 939 1465 962 arcu
1493 929 1696 961 semilunari
1724 937 1798 958 ser-

124 994 204 1022 rato
231 990 379 1021 dentata
406 992 443 1020 et
480 988 617 1030 papilla
656 991 691 1020 in
730 992 855 1020 centro
883 991 1056 1020 instructa
1098 988 1151 1031 (h)
1190 989 1298 1019 Labio
1339 989 1496 1031 scopulis
1536 988 1647 1019 affixo
1675 990 1712 1019 et
1738 995 1801 1019 ore

121 1050 244 1082 clauso
271 1059 362 1092 aqua
388 1048 540 1088 hausta,
568 1048 751 1080 functione
778 1049 1023 1090 respirationis
1051 1051 1212 1089 peracta,
1242 1058 1306 1090 per
1334 1048 1490 1079 fistulam
1520 1047 1574 1088 (a)
1602 1049 1637 1077 in
1663 1047 1801 1078 vertice

119 1119 219 1140 more
235 1108 473 1140 Balaenarum
486 1109 615 1138 iterum
638 1109 808 1138 reiicitur.
857 1105 946 1139 Anus
975 1106 1064 1147 (Fig.
1099 1117 1126 1138 ι.
1156 1108 1200 1148 c.)
1230 1109 1355 1138 conico
1385 1106 1570 1148 papillaris
1590 1106 1632 1138 ad
1645 1104 1799 1137 caudam

124 1171 410 1211 approxiinatuS‚
442 1167 506 1198 sub
533 1168 635 1198 initio
663 1168 792 1208 pinnae
820 1166 970 1198 dorsalis
998 1167 1230 1208 posterioris,
1260 1169 1424 1208 quartam
1453 1165 1688 1208 longitudinis
1718 1173 1805 1206 par-

123 1232 195 1260 tem
223 1229 330 1270 piscis
359 1229 525 1268 occupat.

225 1284 325 1318 Pinna
352 1286 434 1317 dorsi
461 1284 600 1316 antsrior
648 1285 1120 1328 obtusangulo-rotundata
1174 1295 1294 1316 versus
1335 1285 1520 1316 dimidium
1561 1283 1798 1327 longitudinis

124 1349 286 1390 corporis
313 1347 439 1387 incipit
471 1347 665 1384 virescens,
694 1346 825 1377 dorsalis
849 1345 1001 1387 posterior
1028 1345 1134 1376 latior
1160 1345 1279 1375 medio
1306 1344 1480 1376 latissima
1507 1344 1636 1376 obtuso
1665 1342 1799 1385 angulo

124 1408 304 1449 nigrescit.
357 1402 457 1437 Pinna
484 1405 620 1436 madalis
647 1404 856 1436 brevissima
894 1408 1062 1436 truncato
1105 1403 1307 1436 lanceolata
1345 1414 1364 1434 e
1391 1406 1543 1446 vestigio
1571 1403 1698 1435 lineari
1725 1403 1803 1445 pul·

125 1469 248 1498 viriato
267 1484 279 1489 -
296 1466 507 1497 rubescente
534 1464 647 1495 analis
685 1463 729 1495 ab
766 1475 834 1497 ano
869 1464 914 1496 ad
953 1463 1104 1496 caudam
1142 1474 1254 1506 usque
1283 1463 1521 1496 descendente
1549 1466 1629 1496 orta
1656 1466 1693 1495 et
1720 1473 1802 1495 cum

127 1525 261 1558 dorsalvi
290 1526 481 1568 posteriori
510 1524 723 1556 coadunata.

228 1585 504 1617 Observationes
530 1583 574 1614 de
602 1584 738 1625 porulis
766 1584 973 1624 muciseris,
1028 1583 1214 1627 spiraculis
1242 1586 1409 1627 utrinque
1438 1585 1594 1626 septenis
1622 1587 1660 1615 et
1687 1586 1799 1616 inter-

124 1647 179 1677 nis
208 1645 451 1686 respirationis
479 1644 621 1683 organis
650 1642 752 1685 hujns
778 1645 908 1686 speciei
939 1653 1020 1675 cum
1046 1644 1184 1675 adnexa
1211 1642 1334 1676 Stelleri
1359 1641 1572 1675 immortalis
1594 1645 1803 1685 Lampetrae

128 1706 335 1745 variegatae
363 1701 643 1736 Csmtschaticae
685 1702 926 1745 descriptione
965 1713 1011 1734 ex
1051 1703 1209 1744 allegato
1236 1703 1426 1734 Volumine
1453 1704 1550 1732 IIItio
1582 1704 1733 1734 Memoir
1758 1702 1802 1734 de

128 1764 266 1796 l'Aead.
296 1766 384 1806 Imp.
414 1762 476 1794 des
505 1771 554 1793 sc.
585 1761 628 1792 de
657 1763 706 1795 St.
750 1762 908 1794 Petersb.
957 1761 1063 1795 1811.
1092 1772 1170 1804 pag.
1202 1764 1286 1806 247.
1314 1763 1392 1805 ipso
1423 1772 1564 1804 prorsus
1592 1772 1801 1804 comparan-

129 1824 198 1855 dae
225 1826 318 1856 sunt.

169 1916 247 1960 68.
295 1917 329 1958 P
349 1918 387 1959 E
407 1916 450 1959 T
471 1917 509 1959 R
530 1918 569 1959 O
590 1917 640 1960 M
660 1918 695 1959 Y
717 1918 749 1959 Z
771 1918 811 1959 O
831 1917 870 1959 N
918 1915 1277 1958 lumbricalis.
1328 1914 1458 1958 TAB.
1498 1914 1558 1957 X.
1592 1912 1673 1970 fig.
1717 1927 1760 1957 Ι.

266 1990 311 2026 P.
328 2001 398 2026 ore
428 1987 605 2041 integro,
634 1988 762 2043 pinna
778 1987 890 2028 dorsi
918 1987 1073 2028 caudae
1104 1984 1314 2034 continua,
1346 1985 1479 2026 oculis
1507 1983 1800 2039 inconspicut'isv

240 2060 380 2101 Rossis
411 2060 455 2101 in
487 2062 638 2102 Sibiria
674 2063 804 2120 lezm.
1183 2052 1190 2062 '

242 2134 570 2175 Camtschadalis
600 2139 821 2179 Kanaisclz.

265 2212 313 2248 In
342 2208 505 2248 Jcnisea
547 2211 672 2251 fluvio
715 2227 737 2251 a
779 2226 845 2252 me
888 2214 1129 2263 observato,
1189 2223 1231 2252 et
1271 2212 1423 2252 iterum
1452 2225 1475 2250 e
1510 2207 1802 2252 Camtschatca

130 2287 271 2334 missa,
315 2283 388 2323 ubi
417 2283 461 2323 in
491 2285 682 2325 omnibus
711 2286 847 2326 fluviis
877 2299 919 2328 et
947 2287 1047 2329 rivis
1075 2288 1270 2342 frequens
1296 2300 1383 2326 esse
1410 2283 1684 2341 perhibetur3
1748 2285 1799 2326 ab

126 2359 275 2402 incolis
306 2373 404 2400 vero
437 2358 602 2401 comedi
630 2358 744 2401 haud
774 2361 888 2402 solet.
