2185 2890
863 178 1008 201 ········——
1687 176 1765 216 173

94 285 324 326 rotundata.
398 283 552 337 Corpus
579 291 792 333 gryseum‚
835 278 975 316 subtus
1007 274 1214 325 albidum,
1256 275 1392 331 capite
1420 275 1619 317 lateribus
1648 277 1760 317 fusco

92 359 356 400 transversim
399 357 590 403 fasciato,
663 367 835 408 corpore
880 353 931 392 ad
978 352 1163 402 dorsum,
1236 351 1537 408 pinum-umque
1575 352 1762 394 omnium

96 435 220 474 radiis
248 435 362 473 fusco
391 430 611 487 punctatis.

108 550 213 590 132.
270 542 676 588 BLENNIUS
731 540 1052 585 Gumzellus.
1114 555 1209 584 cum
1261 540 1383 582 [conc
1439 541 1570 594 (Tab.
1621 539 1768 595 VIII.)

819 627 1051 670 Tilesicma.

234 725 279 762 B.
313 720 482 761 maculis
512 720 701 761 ocellatis
733 720 784 760 ad
813 719 983 775 pinnam
1014 719 1232 760 dorsalem.

316 796 515 837 Blenn-ius
561 796 779 844 Gunellus,
837 797 924 834 Lin.
972 805 1075 848 syst.
1119 796 1151 833 I.
1195 811 1233 849 p.
1266 800 1357 844 443.
1389 810 1449 849 sp·
1481 812 1516 846 9.
1573 795 1766 834 Pennant.

369 873 484 912 Zool.
515 874 615 911 Brit.
647 873 746 924 (4³0)
778 872 850 909 ΙΙΙ.
881 887 919 925 p.
958 876 1044 910 183.
1079 885 1116 908 n.
1148 875 1211 920 93.
1244 870 1326 909 tab.
1359 877 1423 911 35.

321 948 441 988 Conf.
478 946 714 1002 Ophidium
756 947 982 986 ocellatum
1024 943 1379 985 Camtschaticum
1415 944 1564 984 Tilesii
1591 943 1768 984 Blennio

373 1023 582 1062 Gunnello
628 1023 747 1061 affine
788 1022 832 1060 in
877 1024 1006 1060 Mem.
1052 1020 1102 1058 de
1148 1020 1252 1058 l'Ae.
1296 1022 1401 1074 Imp.
1446 1020 1497 1059 de
1535 1034 1589 1060 sc.
1627 1019 1677 1058 de
1709 1020 1766 1058 St.

378 1098 649 1150 Petersbourg
677 1100 785 1136 Toni
815 1099 892 1134 III.
930 1102 1043 1135 1808.

238 1176 351 1212 Inter
395 1174 525 1210 Fueos
570 1171 772 1211 littorales
826 1170 877 1209 ad
921 1168 1225 1210 Chersonesum
1274 1166 1601 1210 heracleoticam
1645 1171 1772 1210 semel

100 1249 272 1293 omnino
303 1264 324 1286 a
355 1261 421 1286 me
451 1248 688 1286 observatus
718 1245 924 1300 parvulus.

237 1325 381 1363 Nota
439 1321 676 1361 editoris
759 1322 875 1359 Jussu
952 1319 1065 1359 beati
1147 1323 1322 1360 auctoris
1390 1319 1520 1359 nostri
1588 1321 1772 1361 tabulam

100 1415 235 1442 meam
276 1405 396 1438 &vam
440 1411 489 1435 ex
535 1396 653 1435 Actis
708 1399 870 1449 Petrop.
923 1395 1074 1435 noviss.
1128 1395 1328 1448 (Memoir
1376 1394 1428 1434 de
1478 1395 1626 1435 lAcad.
1671 1399 1777 1451 Imp.

100 1478 152 1517 de
182 1489 237 1515 sc.
267 1474 317 1513 de
349 1474 406 1513 St.
436 1473 617 1511 Petersb.
655 1470 866 1526 inscriptis
896 1470 992 1510 Vol.
1025 1474 1100 1511 ΙΙΙ.
1141 1472 1244 1510 Tab.
1274 1472 1391 1508 VIII.
1434 1470 1499 1524 fig.
1534 1487 1569 1509 2.
1602 1487 1641 1526 p.
1675 1479 1772 1525 237,

104 1560 194 1600 240.
226 1547 402 1599 adjicio,
444 1561 548 1600 quae
586 1547 630 1586 in
666 1548 792 1600 figura
829 1546 1008 1586 secunda
1046 1545 1268 1586 Blennium
1307 1545 1561 1584 Gunnellum
1596 1548 1775 1601 apodem

102 1627 257 1667 caudae
290 1622 399 1663 dorsi
436 1633 476 1662 et
512 1621 578 1661 ani
614 1622 753 1676 pinnis
801 1620 1042 1661 coadunatis
1085 1621 1348 1667 distinctum,
1370 1619 1551 1676 ‘hancce
1590 1622 1643 1661 ob
1684 1636 1774 1663 rem

103 1700 326 1755 Ophiclium
355 1701 571 1738 ocellatum
609 1712 631 1735 a
671 1711 738 1736 me
776 1697 1030 1750 appellatum
1068 1697 1195 1735 refert
1233 1709 1358 1749 quem
1402 1695 1454 1733 ad
1482 1693 1622 1735 littora
1653 1697 1774 1738 Cam-

103 1774 306 1816 tschatica
335 1772 418 1827 legi
446 1783 488 1811 et
517 1773 568 1811 ad
598 1771 740 1811 vivum
768 1770 830 1810 ibi
861 1769 1048 1825 depinxi.
1096 1769 1436 1825 Descriptionem
1462 1785 1546 1811 non
1574 1783 1772 1819 repetam.

487 1910 597 1949 133.
654 1903 1064 1947 BLENNIUS
1121 1902 1393 1948 Gszlerita.

242 1999 286 2036 B.
307 1997 428 2038 crista
453 2010 623 2038 cutacea
646 2008 874 2036 transversa
897 1995 1057 2050 capitis,
1090 1997 1177 2036 Lm.
1201 2007 1302 2050 syst.
1326 1997 1421 2036 XII.
1437 1997 1469 2035 Ι.
1492 2012 1530 2050 ρ.
1548 2004 1635 2046 441.
1652 2011 1714 2050 sp.
1736 2015 1767 2039 1.

323 2073 494 2114 Crested
523 2074 681 2127 Bleny,
713 2073 904 2112 Pennant.
934 2072 1051 2112 Zool.
1082 2073 1182 2112 Brit.
1213 2074 1311 2126 (410)
1342 2073 1416 2110 ΙΙΙ.
1446 2087 1484 2126 ρ.
1521 2077 1606 2112 180.
1637 2087 1674 2111 n.
1705 2089 1768 2124 90.

378 2148 460 2188 tab.
502 2154 561 2189 35.

323 2222 529 2269 Galerita,
564 2222 781 2275 Willughb.
811 2223 933 2262 ichth.
965 2239 1003 2278 p.
1041 2230 1126 2273 134.
1159 2224 1247 2281 Raj.
1277 2238 1367 2276 syn.
1400 2226 1497 2277 pise.
1529 2239 1568 2277 p.
1600 2229 1662 2275 73.

245 2301 362 2338 Hanc
394 2297 575 2352 speciem
606 2311 628 2336 e
658 2297 737 2336 fide
762 2298 916 2337 Seellerz·
946 2312 1153 2346 recenseo,
1185 2298 1257 2352 qui
1282 2313 1323 2338 se
1345 2297 1490 2339 scribit
1519 2312 1611 2338 eam
1638 2297 1770 2353 junio-

104 2389 191 2416 rem
221 2372 264 2413 in
295 2373 434 2414 littore
466 2370 777 2415 Camtschatico
805 2374 931 2414 semel
961 2375 1210 2414 observasse.
