2185 2890
436 172 525 213 252
1201 177 1347 201 Ξ

837 274 1040 328 XXXV.
1131 272 1698 325 SCIAENAE.

571 503 760 560 Suspicio
804 514 865 544 est
904 502 1042 558 plures
1083 499 1243 556 pisces,
1290 498 1438 540 habitu
1475 510 1517 539 et
1554 498 1793 540 charactere
1831 499 1883 539 ad
1917 503 2110 546 Sciaenas

433 580 715 637 pertinentes,
771 580 822 619 ab
863 575 1152 631 Ichthyologis
1201 575 1245 615 in
1288 588 1437 629 genera
1480 573 1596 629 Spari
1644 585 1686 614 et
1724 575 1848 615 Labri
1892 576 2109 619 distractos

433 655 583 704 fuisse,
625 665 667 695 et
705 654 891 694 invicem
933 652 1081 692 horum
1128 650 1287 705 aliquos
1327 650 1435 690 inter
1477 649 1667 689 Sciaenas
1705 650 1828 691 fuisse
1868 652 2105 704 collocatos,

434 729 534 771 ideo
577 730 688 784 quod
738 728 918 769 solidum
966 726 1115 766 horum
1165 725 1291 765 trium
1341 738 1536 778 generum
1585 723 1868 765 characterem
1922 726 2110 767 stabilire

432 802 634 844 hactenus
663 804 947 857 neglexerant.
1006 798 1354 854 Quandoquidem
1384 798 1507 854 pauci
1535 810 1695 838 tanturn
1726 798 1845 853 hujus
1871 801 2110 842 denomina-

432 878 561 920 tionis
592 877 751 932 species
790 888 926 918 nostra
965 877 1092 917 maria
1129 875 1294 923 colunt,
1339 874 1514 914 sufficiat
1552 872 1623 914 hic
1667 875 1901 922 monuisse,
1943 887 2111 930 praeter

432 951 716 993 characterem
748 952 1108 991 evidentissimum
1137 961 1179 990 et
1208 952 1302 989 vere
1332 949 1594 989 essentialem
1625 951 1726 988 sulci
1749 950 1870 990 dorso
1892 949 2105 1005 insculpti,

431 1042 507 1083 pro
536 1028 774 1081 reponenda
804 1026 956 1081 pinna,
999 1025 1190 1064 Sciaenas
1223 1039 1366 1063 omnes
1396 1023 1619 1063 convenire
1648 1028 1770 1077 pinna
1797 1025 1951 1065 dorsali
1979 1026 2111 1065 conti·

432 1116 540 1151 nua,
571 1100 751 1140 anterius
781 1100 1066 1155 spinescente‚
1094 1099 1342 1139 veneralibus
1367 1097 1412 1137 in
1444 1098 1606 1137 foveola
1634 1098 1949 1148 recubantibus,
1991 1099 2111 1154 spina

434 1177 502 1216 vel
533 1176 691 1216 acicula
719 1174 904 1230 stipatis,
937 1175 1068 1214 canda
1100 1175 1281 1222 furcata,
1325 1173 1556 1213 membrana
1587 1186 1658 1212 seu
1679 1173 1856 1224 flabello
1885 1174 2112 1216 branchiali

433 1250 720 1297 strictissimo,
763 1249 914 1303 exiguo
950 1250 1024 1288 sub
1063 1252 1260 1301 operculis
1288 1248 1370 1287 late
1400 1247 1581 1287 rescissis
1611 1257 1652 1285 et
1682 1248 1908 1300 squamosis
1937 1249 2109 1297 latente,

434 1330 614 1380 squamis
642 1324 954 1379 asperiusculis,
996 1338 1071 1377 per
1101 1322 1226 1362 series
1257 1322 1493 1376 dispositis,
1540 1321 1751 1361 metallice
1781 1321 2033 1372 nitentibus,
2065 1335 2108 1364 et

432 1399 657 1454 praecipue
685 1397 795 1437 linea
825 1413 897 1438 seu
925 1408 1063 1437 sutura
1094 1400 1254 1436 laterali
1291 1396 1627 1444 evidentissima,
1672 1397 1791 1435 dorso
1832 1397 2029 1451 parallela
2064 1410 2107 1439 et

434 1471 645 1513 continua.
703 1475 770 1511 An
799 1471 847 1512 hi
888 1472 1145 1513 characteres
1184 1470 1367 1510 Sciaenis
1407 1471 1597 1510 omnibus
1640 1486 1662 1509 a
1698 1453 1911 1512 Fors-haim
1950 1487 2104 1527 magno

433 1561 604 1587 numero
632 1547 676 1586 in
705 1547 807 1587 mari
838 1546 1070 1601 Erythraeo
1101 1546 1327 1585 observatis
1356 1543 1635 1585 conveniant?
1691 1547 1934 1586 confirment
1964 1558 2104 1603 autop-

432 1632 514 1661 tae.
588 1622 742 1662 Habitu
781 1621 860 1663 hoc
897 1636 1022 1677 genus
1060 1621 1168 1660 inter
1205 1619 1516 1661 Chaetodontes
1553 1630 1594 1659 et
1634 1623 1777 1660 Percas
1816 1621 1921 1661 mihi
1964 1622 2103 1663 medio

435 1696 725 1736 collocandum
754 1697 946 1745 videtum
976 1697 1049 1736 sed
1079 1695 1183 1735 nulli
1213 1694 1257 1734 in
1286 1694 1434 1735 nostris
1466 1694 1644 1735 maribus
1674 1694 1997 1736 Chaetodontes.

438 1852 548 1894 181.
588 1849 947 1898 SCIAENA
989 1852 1321 1909 Gymnodon.
1363 1852 1492 1894 TAB.
1531 1851 1601 1894 LI.
1632 1849 1713 1906 fig.
1752 1863 1789 1893 1.
1821 1865 1865 1899 2.
1900 1856 1942 1895 3.
1973 1853 2029 1894 A.
2052 1853 2099 1896 Β.

566 1985 629 2024 Sc.
660 1986 856 2027 dentibus
893 1986 1092 2035 exsertis,
1136 1985 1276 2025 lunula
1314 1984 1460 2025 frontis
1502 1995 1720 2040 argentea,
1762 1986 1940 2039 squamis
1970 1986 2100 2027 tribus

430 2059 673 2101 acuminatis
704 2064 754 2101 ad
785 2061 932 2116 pinnas
963 2061 1182 2101 ventrales.

594 2135 795 2176 2Sciaena
825 2135 1127 2185 unimaculata,
1160 2137 1246 2175 Lin.
1275 2145 1377 2188 syst.
1408 2135 1503 2175 XII.
1535 2152 1574 2190 p.
1605 2141 1696 2185 480.
1731 2151 1789 2189 sp.
1825 2140 1860 2174 3.

565 2208 686 2249 Circa
725 2224 891 2250 omnem
930 2209 1235 2251 Chersonesum
1272 2209 1498 2261 terrificam,
1541 2226 1563 2250 a
1602 2210 1738 2265 primo
1768 2224 1888 2258 vere,
1929 2209 2096 2264 copiose

425 2283 532 2324 inter
562 2284 716 2324 Mullos
745 2296 786 2324 et
817 2284 1013 2325 Blennios
1043 2284 1228 2339 capitur,
1275 2285 1474 2324 dodrante
1506 2284 1616 2324 haud
1646 2288 1799 2338 major,
1842 2298 1916 2338 pro
1944 2284 2098 2324 mensis

425 2358 642 2411 adhibita,
673 2359 1010 2414 splendidissima
1040 2374 1167 2415 quum
1199 2359 1292 2400 viva
1324 2359 1478 2401 retibus
1508 2359 1710 2401 educitur.
