2185 2890
865 203 1007 217 ,ὴ

867 218 1007 226 ——--.-

1694 191 1718 231 υἱ

1723 190 1752 240 4>

1757 191 1782 230 01

574 318 688 373 245.
738 316 764 357 S
787 315 825 358 A
848 316 880 357 L
902 314 1012 357 310
1059 316 1305 372 spurius.

249 457 286 497 S.
316 467 488 510 corpore
519 454 633 494 fusco
663 461 889 507 punctam,
934 452 1064 492 cauda
1095 448 1362 506 subaequali,
1392 449 1532 507 pinnis
1560 450 1672 493 dorsi
1701 451 1786 493 ani-

99 546 180 588 que
214 549 256 572 12
288 529 471 572 radiatis.

316 607 456 647 Salmo
488 604 642 654 Eriox,
676 606 762 644 Lin.
793 614 896 657 syst.
926 605 1022 644 XII.
1051 605 1084 643 I.
1115 620 1155 660 p.
1187 609 1276 654 509.
1309 618 1369 657 sp.
1403 619 1440 643 2.

315 685 427 738 Grey
458 682 644 730 Sahnon,
682 679 900 735 Us'fllughb.
933 682 1054 720 iclztlz.
1085 696 1124 734 p.
1162 686 1248 730 193.
1278 680 1369 738 Raj.
1398 694 1490 734 syn.
1523 682 1621 735 pise.
1651 695 1691 733 p.
1722 685 1788 728 63,

375 760 497 798 Pezm.
527 758 644 798 Zool.
676 758 776 797 Brit.
809 759 919 810 (4150)
950 758 1024 795 ΙΙΙ.
1057 773 1093 811 p.
1129 761 1220 797 258.

324 833 464 874 Salmo
495 833 751 882 Salaroides,
784 832 992 873 Galdensc.
1024 842 1104 873 not.
1134 833 1234 874 Ms,

208 910 349 951 Rossis
377 911 508 958 Lech,
549 910 807 951 Lochomimz.

237 990 287 1026 In
315 985 451 1025 fluviis
481 984 653 1024 Rossiae
694 1001 716 1025 a
751 984 1030 1041 piscatoribus
1073 985 1182 1024 bene
1211 983 1484 1037 distinguitur
1516 999 1538 1023 a
1568 983 1608 1024 S.
1639 983 1789 1035 nobili,

99 1078 122 1102 a
150 1077 232 1117 quo
263 1073 435 1102 externe
465 1076 610 1116 parum
640 1060 807 1108 differt3
839 1060 968 1100 etiam
1003 1061 1142 1099 Terek
1171 1061 1211 1099 fl.
1244 1060 1461 1100 adscendit
1491 1071 1586 1100 ante
1615 1061 1655 1101 S.
1675 1059 1792 1101 nobi-

97 1138 208 1188 lem,
240 1136 416 1177 Octobri
446 1148 488 1176 et
522 1135 791 1184 Novembri,
822 1148 865 1176 et
897 1134 1147 1176 adveniente
1177 1134 1261 1175 hoe
1291 1134 1488 1191 disparet.

235 1214 346 1253 Not.
404 1215 453 1251 In
484 1210 565 1252 hoc
594 1211 710 1267 pisce
741 1226 837 1252 caro
868 1211 941 1251 vix.
971 1212 1147 1258 rubens⁵
1187 1210 1387 1261 flaccida,
1441 1211 1578 1252 minus
1619 1211 1806 1268 sapida,

100 1303 304 1336 exsucca,
343 1287 604 1337 macilenta,
641 1288 740 1327 dum
783 1288 829 1327 in
873 1289 913 1327 S,
958 1286 1092 1327 nobili
1130 1286 1182 1327 sit
1223 1286 1464 1328 ruberrima.
1523 1288 1659 1329 Ovula
1689 1287 1792 1329 huic

98 1363 318 1421 grandiora
348 1374 387 1407 2}
417 1362 491 1403 lin.
523 1364 608 1403 fere
641 1363 875 1410 diametro,
918 1362 1097 1403 Husonis
1136 1362 1274 1403 ovulis
1304 1363 1389 1403 fere
1420 1367 1606 1418 majora,
1647 1364 1790 1404 colore

98 1441 210 1481 laete
242 1438 453 1485 aurantia,
493 1438 731 1494 pellucida,
776 1438 1017 1480 cicatricula
1060 1439 1172 1479 lutea
1216 1450 1383 1489 notata,
1434 1450 1475 1479 at
1508 1439 1554 1480 in
1583 1441 1624 1480 S.
1654 1437 1792 1480 nobili

98 1516 232 1556 multo
263 1515 437 1555 minora.
494 1516 646 1556 Dentes
675 1514 817 1555 Erioci
845 1516 898 1555 ad
927 1514 1156 1555 branchiae
1202 1526 1372 1570 quartae
1408 1515 1620 1566 radicem,
1673 1527 1720 1555 ut
1747 1515 1794 1556 in

100 1591 178 1633 illo
209 1603 251 1631 et
280 1592 411 1631 forma
452 1590 524 1630 vix
566 1590 744 1631 diversa.
803 1593 927 1646 Apex
970 1595 1166 1632 maxillae
1215 1590 1289 1631 vix
1329 1591 1546 1631 tubercula
1588 1591 1791 1632 elevatur.

98 1667 257 1709 Pinnae
287 1681 430 1707 omnes
459 1677 501 1705 et
530 1667 659 1706 cauda
692 1666 992 1706 coerulescunt.
1050 1667 1175 1706 Rada
1204 1664 1376 1706 braneh.
1414 1682 1475 1706 ιο.
1514 1665 1668 1722 pinnae
1698 1668 1792 1708 dor-

100 1743 205 1783 sales
243 1760 300 1783 12.
333 1742 611 1798 pectoralium
647 1759 709 1782 12.
749 1741 1000 1781 ventraliurn
1030 1750 1068 1783 8.
1112 1741 1181 1781 ani
1218 1759 1277 1782 12.
1319 1741 1505 1795 aequalis
1535 1743 1690 1782 caudae
1729 1761 1788 1795 ¹9·

100 1818 273 1859 Viscera
302 1815 414 1858 nihil
445 1818 660 1858 differunt.
693 1843 741 1849 -—
772 1820 821 1857 In
849 1819 1083 1858 Lochovina
1109 1818 1282 1858 Nevensi
1320 1817 1413 1872 plus
1448 1816 1621 1871 triginta
1660 1818 1788 1859 libra-

99 1910 192 1935 rum
222 1909 371 1950 corpus
395 1905 528 1935 totum
559 1905 602 1934 et
632 1905 758 1950 caput
785 1893 959 1934 maculis
990 1892 1119 1948 nigris
1150 1892 1317 1943 crebris,
1350 1893 1480 1933 latera
1510 1892 1637 1933 etiam
1654 1894 1788 1935 rubris

104 1970 231 2011 varia.
290 1970 425 2025 Caput
454 1981 585 2011 rostro
615 1970 738 2010 valde
769 1971 988 2026 producto,
1019 1980 1191 2025 utraque
1222 1972 1398 2010 maxilla
1426 1968 1470 2009 in
1500 1984 1646 2009 uncum
1674 1971 1788 2012 elon-

101 2057 222 2102 gata,
253 2051 496 2101 superiorem
530 2047 748 2098 obtusum,
778 2045 1056 2096 fornicatum,
1087 2048 1312 2099 inferiorem
1343 2045 1614 2095 subacutum‚
1647 2045 1692 2085 in
1725 2061 1789 2087 su—

100 2136 249 2178 perum
279 2119 550 2162 incidentem.
610 2122 762 2163 Pinnae
791 2120 905 2163 dorsi
933 2132 975 2162 et
1005 2122 1212 2162 ventrales
1242 2121 1453 2163 radiorum
1490 2138 1549 2161 10.
1593 2135 1690 2163 cum
1719 2123 1790 2163 ad-

101 2195 328 2237 miniculis·
388 2197 628 2252 Longitudo
667 2196 851 2253 quinque
888 2197 1113 2239 dodrantos
1145 2199 1392 2240 excedebat.
1453 2195 1617 2240 Pondus
1644 2212 1786 2242 cauca-

102 2272 196 2314 sicis
226 2287 348 2328 saepe
379 2279 427 2316 30
460 2272 674 2316 librarum.

783 2359 1098 2380 *W
