2185 2890
461 126 546 168 308
1231 137 1376 162 ΕΞ

457 242 559 273 vario
586 239 768 272 radiorum
799 239 834 272 in
862 238 977 282 pinnis
1009 248 1183 280 numero,
1224 249 1330 282 quern
1364 235 1470 272 Pallas
1501 238 1579 282 ipse
1611 239 1647 272 in
1680 239 1892 273 Lenensibus
1930 245 2132 286 annotavit,

456 301 520 332 sed
546 302 653 332 etiam
682 301 809 343 capitis
835 303 872 333 et
898 300 1074 331 labiorum
1109 302 1316 340 structura,
1356 301 1421 330 nisi
1460 299 1547 331 haec
1588 302 1623 331 in
1663 300 1784 342 figuris
1819 304 1857 333 et
1892 301 2135 345 descriptione

453 357 600 392 Pallassii
625 360 790 402 neglecta
817 362 888 399 sit,
917 361 1060 391 omnino
1088 359 1218 392 differt.
1259 359 1429 392 Labeonis
1457 361 1624 392 Davurici
1650 363 1759 402 caput
1786 362 2039 402 cyprinaceum
2071 368 2128 396 est

451 418 556 451 labiis
596 419 716 451 iuferis
754 419 996 451 crassiusculis
1037 419 1137 451 nullo
1174 418 1281 450 modo
1322 419 1504 461 productis
1544 421 1759 452 instructum
1798 420 1887 462 (vid.
1927 422 2014 454 Tab.
2056 426 2133 457 XV.

450 480 522 520 Fig.
552 488 586 511 2.
618 481 647 510 A
677 483 714 512 et
740 479 808 520 B),
853 479 915 511 sed
942 481 1089 522 Cvprini
1124 480 1268 510 rostrati
1302 482 1411 520 caput.
1444 478 1588 520 longum
1623 479 1752 522 angulo
1781 483 1881 512 recto
1911 480 1943 511 in
1972 485 2129 514 rostrum

449 537 638 570 descendit
663 542 868 571 truncatum
897 543 934 571 et
961 537 1033 571 fere
1060 541 1228 581 equinum
1254 542 1310 570 est
1337 538 1463 581 (Conf.
1522 538 1610 569 Tab.
1638 542 1681 572 V.
1711 542 1781 581 Fig.
1814 549 1842 570 1.
1872 540 1937 582 B.)
1967 540 2060 573 labia
2085 552 2133 575 ex

447 602 567 631 rostro
606 598 772 630 verticali
810 609 929 630 crassa
969 609 1116 631 carnosa
1157 600 1301 640 pinguia
1341 598 1553 630 subcrenata
1592 601 1629 631 et
1671 599 1850 641 papillosa
1897 603 2128 643 prominent,

446 660 559 691 rictus
601 662 770 700 angustus
811 658 1006 691 fornicatus
1047 659 1178 691 clibani
1224 657 1361 689 orificio
1404 658 1505 700 quasi
1543 657 1643 689 hians
1682 663 1718 690 et
1746 659 1930 700 singularis
1959 662 2129 695 maxillae

445 719 638 761 superioris
665 717 870 750 inferiorem
899 721 993 750 intus
1021 729 1220 761 repressam
1255 717 1507 760 amplectentis
1544 720 1580 748 et
1610 717 1780 749 deformis
1810 723 1989 751 structura
2016 723 2065 753 ita
2093 724 2128 754 in

445 777 571 810 oculos
606 779 754 809 incurrit
787 781 824 810 et
862 781 912 810 ita
945 778 1116 810 abhorret
1148 778 1192 809 ab
1228 777 1367 809 orificio
1403 781 1439 809 et
1471 778 1589 819 capite
1623 777 1793 808 Labeonis
1834 781 1868 810 in
1896 780 2006 821 figura
2034 791 2127 813 nona

441 836 590 870 tabulae
618 840 731 868 X1mae
760 837 840 870 Vol.
871 839 927 868 Imi
956 841 1047 870 Nov.
1083 840 1163 871 Act.
1193 840 1336 880 Petrop.
1366 837 1564 876 delineato,
1592 839 1631 868 ut
1657 838 1718 867 vix
1747 838 1949 880 intelligere
1976 842 2123 881 possim,

442 897 625 938 quomodo
654 901 780 930 auctor
807 897 910 929 celeb
949 898 1098 929 formam
1130 897 1303 941 ejusmodi
1331 896 1537 928 abnormem
1567 895 1710 927 silentio
1739 900 1935 939 praeterire
1952 901 2121 941 potuerit.

439 957 558 987 Etiam
585 958 620 987 in
648 959 839 989 exsiccatis
869 957 1122 999 speciminibus
1157 959 1312 988 rostrum
1347 956 1477 998 angulo
1512 960 1614 989 recto
1642 956 1861 988 descendens
1889 961 1924 989 et
1952 969 2012 990 ore
2041 959 2120 990 sub·

438 1018 497 1046 tus
525 1014 625 1047 hians
653 1020 804 1059 angusto
832 1016 1022 1047 admodum
1051 1017 1282 1057 conspicuum
1310 1019 1365 1047 est
1393 1018 1430 1047 et
1457 1025 1476 1046 a
1504 1012 1647 1048 Pallami
1678 1017 1798 1056 figuris
1825 1020 1905 1048 toto
1933 1018 2036 1050 coelo
2066 1019 2118 1050 di-

436 1085 608 1116 versum,
652 1080 690 1108 ut
724 1076 793 1108 hoc
828 1075 913 1106 mihi
946 1085 993 1106 ex
1028 1077 1142 1118 quinis
1179 1085 1198 1105 a
1227 1072 1352 1106 Makio
1388 1074 1563 1106 indefesso
1598 1077 1789 1106 exsiccatis
1818 1080 1855 1107 et
1884 1087 1902 1108 e
1931 1078 2116 1121 Covymae

436 1134 550 1166 fluvio
577 1135 695 1167 allatis
725 1135 976 1178 speciminibus
994 1158 1004 1175 ,
1048 1145 1139 1177 quae
1165 1145 1285 1166 coram
1314 1133 1429 1166 habeo
1456 1138 1703 1176 comparatum
1731 1137 1767 1166 et
1795 1140 2017 1177 compertum
2048 1134 2117 1170 estss

433 1195 482 1226 Os
510 1205 579 1225 non
607 1198 663 1227 est
689 1195 893 1238 productile
922 1205 985 1227 nec
1013 1194 1183 1236 opercula
1212 1194 1398 1234 mollusca‚
1425 1204 1555 1237 corpus
1583 1204 1651 1225 non
1680 1194 2000 1236 macroiepidotum
2032 1196 2109 1237 sed,

433 1256 574 1286 ratione
601 1254 753 1286 aliorum
782 1256 1022 1298 Cyprinorum
1053 1257 1173 1296 potius
1201 1254 1526 1295 microlepidotum.
1579 1255 1683 1284 Pinna
1712 1254 1807 1284 dorsi
1836 1265 1904 1285 non
1932 1259 1986 1286 est
2013 1255 2112 1287 fusco

431 1315 573 1345 cinerea
600 1324 667 1347 nec
693 1315 946 1353 octor-adflata,
988 1314 1049 1344 sed
1078 1313 1410 1346 duodecimradiata
1439 1313 1634 1343 flavescens
1662 1313 1865 1354 diaphana,
1906 1315 2111 1355 pectorales

431 1382 502 1403 non
537 1383 577 1415 ¹9
606 1373 667 1405 sed
701 1376 740 1415 14
769 1374 874 1404 radiis
902 1373 1081 1413 suffultae,
1109 1384 1159 1405 cai
1177 1377 1272 1411 tera,
1302 1382 1392 1414 quae
1419 1374 1453 1402 in
1480 1374 1632 1414 Cyprino
1661 1376 1817 1404 rostrato
1846 1373 1984 1406 diversa
2011 1378 2105 1415 sunt,

428 1433 465 1463 in
492 1434 568 1474 ipsa
596 1432 837 1474 descriptione
866 1436 902 1464 et
930 1433 1118 1474 figurarum
1148 1433 1390 1475 explicatione
1418 1431 1573 1464 afferam.

500 1503 564 1535 De
581 1505 722 1545 scrip
740 1506 816 1534 tio
861 1500 996 1546 Cyprisn'
1028 1503 1158 1535 rostrati
1194 1504 1366 1543 Tungusis
1415 1501 1459 1532 ad
1486 1503 1682 1544 Covymam
1726 1503 1810 1534 fluv.
1842 1501 2105 1537 Tschnkntschan

572 1566 608 1594 et
647 1565 820 1604 Jucagiris
860 1561 1022 1595 Onatscha
1063 1563 1159 1595 dicti.
1200 1561 1285 1593 Tab.
1314 1564 1384 1594 xv.
1423 1562 1495 1602 Fig.
1528 1571 1540 1592 1
1571 1581 1615 1587 --
1642 1562 1676 1595 5.
1718 1562 1810 1605 (ΞΜ
1837 1561 2105 1610 θίίηῖείέαιψῖεη,

572 1620 796 1666 ffiaunsstept‘).

522 1679 716 1722 Magnitudo
743 1685 777 1713 in
806 1683 938 1716 adultis
966 1684 1095 1727 pedem
1123 1686 1292 1726 superat,
1322 1680 1384 1712 sed
1411 1682 1516 1712 trium
1545 1682 1804 1724 spithamarum
1834 1682 2098 1724 longitudinem

422 1743 485 1773 vix
514 1744 670 1785 attingit.
700 1740 806 1786 Caput
836 1754 975 1775 osseum
1006 1744 1149 1787 longum
1179 1745 1297 1775 antice
1325 1744 1440 1772 rostro
1468 1741 1707 1775 descendente
1734 1746 1937 1775 truncatum
1967 1746 2099 1784 equino

421 1802 536 1834 simile
564 1814 667 1848 quam
697 1803 741 1834 ob
770 1814 845 1834 rem
874 1803 1045 1835 Ruthenis
1074 1802 1179 1837 Hono
1206 1803 1339 1833 dicitur
1367 1800 1444 1831 aliis
1472 1802 1648 1841 Produst‚
1691 1803 1855 1843 quoniam
1886 1811 1924 1831 os
1953 1802 2099 1843 subtus,

418 1866 458 1894 ut
485 1862 520 1894 ln
548 1865 657 1896 Cotto
685 1863 919 1905 cataphracto
949 1863 1006 1895 vel
1037 1865 1161 1904 Agono
1188 1863 1470 1902 accipenserino‚
1498 1861 1558 1891 sed
1588 1864 1697 1892 rietus
1726 1863 1797 1891 oris
1825 1859 1879 1890 vel
1909 1862 2087 1891 oriiicium

418 1922 580 1954 lunatum
607 1933 677 1954 non
704 1923 861 1965 amplum
891 1923 951 1954 sed
979 1925 1167 1965 angustum
1196 1921 1298 1952 labiis
1327 1923 1453 1951 crassis
1481 1921 1666 1963 pinguibus
1684 1923 1932 1961 marginatum,
1959 1919 2093 1951 labium

416 1984 574 2014 anterius
603 1982 841 2023 fornicatum,
888 1982 1023 2013 ambitu
1059 1979 1322 2012 semicirculare
1355 1982 1490 2013 ossibus
1525 1981 1716 2012 labialibus
1746 1980 1801 2010 vel
1831 1981 2019 2021 mystaceis
2047 1979 2092 2010 ad

414 2041 574 2074 fraenum
602 2044 672 2074 oris
700 2041 998 2073 descendentibus
1025 2043 1178 2072 arcuatis
1208 2039 1407 2071 lateraliter
1431 2045 1583 2081 tectum,
1612 2041 1743 2071 labium
1768 2041 1945 2082 posterius
1961 2041 2090 2079 minus,

414 2106 578 2143 rectum,
623 2102 666 2133 ab
702 2103 871 2133 anteriori
905 2101 1078 2132 inclusum
1115 2100 1322 2142 amplexum
1351 2100 1495 2142 papillis
1522 2101 1819 2131 numerosissimis
1846 2098 2086 2140 granulatum.

412 2159 502 2194 Oculi
529 2162 697 2194 laterales
725 2172 745 2193 a
772 2165 890 2193 rostro
918 2163 1046 2192 remoti
1074 2159 1245 2202 operculo
1275 2161 1464 2201 posteriori
1504 2159 1698 2191 bi-amhiali
1733 2159 1976 2200 approximati
2004 2167 2088 2189 ova-

411 2220 463 2252 les
482 2244 492 2262 ‚
519 2223 666 2253 iridibus
694 2225 808 2253 aureis
835 2231 987 2263 superne
1015 2220 1276 2261 angustioribus
1295 2240 1304 2257 ,
1335 2219 1472 2261 pupilla
1501 2230 1605 2260 supra
1632 2221 1792 2250 centrum
1820 2220 1947 2260 posita.
1980 2217 2086 2250 Nares

410 2281 455 2311 ad
492 2285 686 2325 marginem
718 2282 857 2313 orbitae
891 2283 1105 2312 anteriorem
1141 2279 1302 2321 duplices
1337 2281 1371 2310 in
1405 2279 1504 2311 sulco
1537 2278 1714 2321 profundo
1749 2288 1864 2309 osseo.
1931 2275 2083 2319 Opimium

408 2339 600 2377 branchialia
626 2341 874 2384 trilamellata,
901 2343 1024 2375 lamella
1051 2339 1187 2373 antcrior
1213 2349 1294 2371 cuin
1322 2338 1461 2371 ossibus
1486 2338 1658 2371 maxillae
1687 2339 1876 2380 superioris
1894 2340 2084 2380 conjuncta
