2185 2890
841 203 969 214 „212
981 206 984 211 .
1663 206 1686 233 2
1694 200 1718 235 5
1730 204 1750 239 7

77 314 247 355 squama
279 301 407 349 major
435 312 504 337 seu
532 301 684 338 lamina
719 298 1038 338 semicircularis
1069 300 1142 339 sub
1181 298 1309 354 pinna
1346 300 1575 355 pectorali,
1619 302 1755 344 sinum

76 388 233 428 tegens.
293 375 421 413 Nares
451 372 611 411 anticae
642 375 868 421 rotundae,
900 374 1175 428 marginatae,
1216 374 1400 428 posticae
1432 377 1622 430 patulae,
1654 393 1749 419 ova-

76 451 149 496 les,
180 449 309 489 oculis
339 448 566 502 proximae.
599 472 649 476 —
679 448 799 487 Oculi
829 459 958 487 rostro
987 448 1225 503 propiores3
1262 451 1389 489 Irides
1419 453 1569 491 flavide
1602 468 1746 507 argen-

75 536 196 572 teae,
243 524 354 562 Fusco
385 522 656 562 inumbratae.
727 524 884 577 Corpus
920 523 1304 578 catlietoplateum,
1350 530 1571 580 praecipue
1610 543 1748 570 versus

73 611 197 654 caput
226 612 426 642 crassum,
472 597 591 635 dorso
628 597 748 636 valde
787 597 937 651 gibbo,
983 614 1056 653 pro
1094 598 1233 654 pinnis
1273 610 1438 652 argute,
1483 601 1600 655 quasi
1638 601 1749 643 inter

73 676 172 714 duas
203 672 388 712 lamellas
418 686 630 724 squameas
669 673 847 722 sulcato,
891 674 1113 712 abdomine
1151 673 1355 723 rectiore,
1399 686 1533 716 totum
1572 682 1751 732 squamis

71 748 314 788 crenulato-
333 745 506 800 asperiS,
537 747 807 794 micantibus,
839 748 1074 797 majusculis
1105 749 1231 788 dense
1260 748 1545 792 imbricatum.
1604 755 1752 794 Sutura

72 821 254 862 lateralis
284 821 462 860 anterius
494 832 636 874 quarta
664 822 790 862 totius
820 822 1052 862 latitudinis
1082 833 1198 877 parte
1229 839 1250 862 a
1281 823 1402 864 dorso
1432 826 1614 877 distans,
1664 843 1752 868 ver-

71 912 135 937 sus
165 896 337 952 pinnam
368 894 478 934 dorsi
508 898 731 936 secundani
760 898 911 937 sensim
943 899 992 937 ad
1022 908 1038 944 ξ
1067 898 1292 947 recedens,
1346 910 1388 939 et
1425 915 1534 955 pone
1573 904 1751 943 eandem

69 987 144 1027 per
174 971 355 1011 mediam
395 972 588 1025 utrinque
631 973 804 1012 caudam
845 972 1098 1013 continuata.
1168 974 1318 1013 Pinnae
1360 974 1478 1028 n{g1‘o
1513 978 1743 1018 coeruleae.

68 1048 197 1087 Pinna
225 1046 334 1086 dorsi
363 1046 582 1095 continua,
643 1049 715 1086 sed
745 1047 788 1086 in
818 1049 918 1087 duas
946 1048 1157 1102 portiones
1188 1047 1423 1087 subdivisa:
1480 1055 1589 1104 prior
1616 1056 1747 1106 portio

70 1120 401 1169 decenn-fidiam,
431 1120 556 1160 radiis
587 1121 938 1175 spinescentibUS,
971 1121 1188 1169 tenuibus,
1227 1135 1400 1174 quorum
1429 1137 1501 1162 sex
1532 1124 1690 1179 priores
1720 1142 1742 1165 a

68 1196 204 1251 primo
235 1195 434 1243 minimo,
482 1195 685 1249 gradatim
723 1208 965 1250 augescunt,
1010 1198 1092 1236 duo
1131 1195 1230 1234 dein
1268 1197 1536 1245 decrescunt3
1582 1200 1742 1255 postice

66 1283 149 1312 tres
178 1270 320 1325 spinae
350 1270 547 1308 minimae
579 1281 746 1323 angusta
778 1273 1017 1310 membrana
1050 1271 1247 1311 secundae
1285 1271 1470 1326 portioni
1500 1274 1742 1314 continuan-

66 1358 157 1395 tur,
202 1359 305 1400 quae
336 1345 482 1393 latior,
528 1344 698 1384 inermis
728 1344 937 1385 radiorum
970 1353 1032 1387 23.
1072 1346 1409 1400 subaequrilium,
1455 1347 1641 1388 fissilium
1672 1364 1742 1389 ex·

66 1421 199 1476 ceptis
228 1420 358 1460 tribus
388 1419 544 1475 primis.
603 1421 647 1460 P.
677 1424 900 1475 pectorales
929 1422 1161 1475 oblongae,
1203 1420 1413 1461 radiorum
1449 1433 1508 1472 14.
1538 1422 1743 1464 fissilium.

67 1498 274 1536 l'entrales
304 1510 326 1534 e
355 1495 471 1550 spina
500 1495 691 1536 breviore
720 1506 760 1535 et
792 1495 916 1535 radiis
947 1503 984 1537 5.
1022 1495 1228 1536 fissilibus.
1287 1512 1326 1551 p.
1356 1501 1424 1536 ani
1454 1511 1621 1537 carnosa
1650 1497 1740 1538 basi

66 1570 331 1626 prominens,
374 1585 482 1625 pone
512 1570 678 1609 tertiam
709 1570 980 1624 longitudinis
1019 1582 1201 1625 partem,
1247 1572 1296 1610 ab
1327 1586 1406 1611 ano
1436 1572 1649 1625 paululum
1678 1586 1738 1612 re-

66 1657 201 1694 mota,
233 1645 440 1684 radiorum
472 1656 632 1684 tantum
662 1652 698 1686 8.
730 1661 901 1699 quorum
935 1645 1111 1700 primus,
1142 1655 1157 1688 ὲ
1187 1644 1364 1694 brevior,
1397 1645 1553 1696 (antice
1585 1647 1736 1687 adnato

68 1721 212 1760 aculeo
243 1720 422 1759 firmatus
450 1735 629 1769 crassus,
660 1735 820 1769 osseus,
852 1720 966 1759 albus
995 1720 1320 1768 obtusiusculus,
1353 1720 1553 1768 nudatus,
1584 1719 1736 1776 reliqui

63 1795 234 1841 fissiles,
275 1794 537 1848 longiusculi.
597 1796 742 1835 Gauda
772 1796 962 1841 robusta,
1008 1794 1214 1849 aequalis,
1255 1793 1483 1848 composita
1512 1794 1637 1835 radiis
1674 1803 1733 1838 16.

65 1869 184 1918 latis,
217 1868 456 1918 multifidis,
489 1870 737 1924 quibusdam
767 1868 1003 1924 duplicatis.
1026 1895 1075 1900 -—
1108 1872 1230 1910 Color
1259 1868 1410 1908 adultis
1441 1871 1584 1919 (ΤΑΒ.
1601 1872 1732 1922 LIII.)

63 1945 296 1985 recentibus
325 1945 461 1999 capite
493 1956 535 1984 et
564 1944 782 1999 operculiS,
814 1946 1015 1998 dorsoque
1027 1955 1128 1994 toto,
1160 1943 1496 1999 splendidissime
1511 1942 1735 1998 chalybeo-

62 2019 300 2067 coeruleus,
331 2019 509 2074 squamis
541 2019 813 2070 micantibus,
859 2019 1054 2059 lateribus
1085 2018 1235 2058 sensim
1265 2019 1734 2072 coeruleo-argenteUS,

63 2095 138 2133 sub
169 2105 312 2133 ventre
343 2104 588 2147 argentatus.
660 2097 718 2134 At
747 2094 791 2134 in
821 2095 978 2150 Spiritu
1007 2093 1096 2133 vini
1125 2093 1336 2133 evanescit
1368 2094 1562 2149 splendor
1592 2108 1732 2133 coeru-

58 2167 174 2217 leus,
205 2179 247 2207 et
277 2169 440 2209 dorsum
474 2170 606 2209 ferreo
635 2170 920 2209 coerulescens
951 2169 1083 2209 minus
1113 2168 1292 2208 nitidum
1325 2169 1490 2215 evadit;
1539 2168 1732 2207 coctione

62 2253 174 2282 totus
205 2243 399 2282 fuscescit
428 2254 470 2283 et
497 2242 687 2296 nigricat.
719 2268 773 2274 ——-
802 2247 848 2283 In
879 2243 991 2299 pisce
1021 2243 1243 2284 duodecim
1272 2243 1472 2298 pollicum
1506 2256 1732 2291 mensurae,

63 2318 115 2356 ad
147 2316 368 2357 dimidium
409 2317 452 2357 in
497 2322 620 2358 Icone
665 2319 885 2367 reductae,
929 2318 987 2359 sic
1027 2318 1263 2358 habebant:
1313 2329 1436 2372 caput
1465 2318 1514 2356 ad
1545 2317 1739 2370 angulum

64 2393 356 2447 operculorum
385 2397 448 2436 30.
481 2399 555 2435 2¹¹1.
587 2393 699 2435 oculi
728 2393 923 2435 distantia
957 2410 980 2434 a
1009 2408 1167 2434 summo
1199 2403 1329 2432 rostro
1364 2401 1421 2432 1¹1.
1441 2396 1514 2432 0¹1⁴.
1540 2393 1741 2432 diameter

1249 2475 1298 2512 33
