2185 2890
454 190 539 228 272
1215 191 1359 216 ἐξ-

451 287 575 331 lineis
603 286 785 343 obliquis
813 288 937 328 fuscis
986 286 1072 340 (uti
1105 298 1146 328 et
1174 288 1301 343 pinna
1330 288 1424 342 ani)
1464 289 1678 330 undulata.
1736 291 1780 330 P.
1816 296 1881 333 ani
1911 294 2126 348 prolixior,

452 380 477 405 e
517 365 645 421 spinis
677 372 714 406 3.
761 363 1019 404 brevioribus
1062 373 1104 401 et
1144 361 1270 401 radiis
1299 380 1336 413 9.
1380 362 1649 404 dichotomis.
1730 367 1874 406 canda
1919 369 2127 422 aequalis,

453 440 542 480 rad.
578 456 636 481 12.
668 438 1029 489 dichotomorum‚
1071 437 1320 479 membranis
1352 435 1562 494 hyalinis,
1596 438 1706 480 inter
1734 440 1869 482 radios
1897 453 2124 484 transverse

452 512 616 558 striatis.

582 672 692 718 192.
730 660 1049 706 LABRUS
1086 661 1479 720 prasosticteS.
1520 661 1649 704 TAB.
1688 660 1998 719 LXI.fig.1.

590 813 637 852 L.
667 826 837 867 corpore
868 813 1062 868 elongato
1091 811 1305 858 olivaceo,
1334 812 1474 850 subtus
1503 823 1928 866 cupreo-argentam,
1957 811 2121 867 punctis

453 884 609 924 crebris
638 885 818 936 seriatis,
849 887 1030 942 eyaneis.

590 962 659 1000 Ad
688 961 811 1000 Ponti
837 961 1003 1009 littora,
1041 962 1151 1002 circa
1181 961 1486 1003 Chersonesum
1513 960 1755 1015 praesertim
1787 958 2124 1012 heracloodcarn,

453 1033 569 1086 Majo
598 1048 738 1074 mense
768 1035 952 1090 capitur,
984 1051 1067 1075 non
1097 1037 1311 1089 frequens,
1339 1033 1643 1090 pulcherrimus
1672 1046 1714 1074 et
1742 1035 2038 1090 sapidissimus.

591 1109 759 1148 Descr.
818 1111 966 1149 Forma
1002 1111 1226 1164 oblongam
1257 1120 1298 1149 et
1328 1108 1464 1163 capite
1492 1108 1759 1162 productiore
1789 1125 1810 1149 a
1840 1111 2124 1164 praecedenti-

452 1183 529 1222 bus
560 1181 752 1222 omnibus
783 1183 947 1230 differt,
1003 1183 1311 1224 characteribus
1347 1182 1550 1237 congruit.
1616 1185 1675 1223 Os
1705 1186 1971 1238 majusculum
2000 1185 2123 1226 labiis

453 1256 620 1304 crassis3
681 1261 876 1298 maxillae
906 1260 1097 1305 obtusae,
1155 1259 1444 1313 subaequales,
1502 1263 1682 1311 superior
1710 1259 1901 1298 dentibus
1930 1259 1975 1298 in
2005 1261 2123 1315 apice

453 1342 627 1384 quatuor
658 1332 912 1385 majusculis,
942 1333 1116 1382 obtusis,
1154 1332 1442 1386 inaequalibus
1471 1342 1514 1372 et
1542 1332 1735 1387 utrinque
1765 1333 2029 1382 brevissimo,
2064 1335 2124 1375 in-

453 1405 582 1445 ferior
609 1404 796 1460 pluribus
824 1406 1123 1460 inaequalibus.
1184 1409 1343 1460 Lingua
1379 1407 1522 1447 laevis.
1581 1408 1708 1446 Irides
1744 1422 2122 1464 cyaneo-cupreae.

455 1480 661 1533 Opercula
687 1490 873 1520 truncata
901 1495 1134 1534 squamosa3
1153 1483 1327 1534 flabella
1348 1483 1469 1531 nuda,
1500 1482 1582 1521 lata
1603 1482 1715 1535 pelle
1738 1483 1889 1529 laxata,
1919 1483 2121 1538 quinque-

453 1554 628 1594 radiata.
694 1555 894 1608 Squamae
931 1555 1116 1609 corporis
1150 1556 1395 1596 mediocres.
1470 1557 1616 1596 Sutura
1655 1556 1838 1596 lateralis
1876 1559 1996 1597 dorso
2032 1573 2122 1613 pro-

451 1627 549 1682 pior
577 1638 618 1667 et
647 1628 867 1684 parallela,
912 1630 962 1668 ad
1001 1629 1120 1669 basin
1158 1632 1311 1670 caudae
1348 1630 1524 1669 infracta
1558 1642 1600 1670 et
1635 1645 1710 1684 per
1738 1632 1918 1671 mediam
1949 1634 2123 1674 caudam

449 1716 638 1757 pergens.
699 1704 834 1758 Caput
864 1714 905 1742 et
934 1718 1077 1757 corpus
1104 1715 1236 1745 totum
1268 1705 1516 1751 olivaceum,
1548 1704 1609 1756 (in
1639 1704 1858 1759 spirituoso
1889 1705 2048 1760 liquore
2078 1719 2120 1747 et

451 1775 643 1816 coctione
679 1778 908 1830 subrufum)
947 1794 969 1818 a
1004 1778 1200 1819 lateribus
1237 1779 1389 1819 sensim
1427 1790 1817 1833 cupreo-auratum,
1855 1780 2018 1834 punctis
2048 1797 2119 1821 seu

446 1855 579 1905 guttis
616 1852 792 1901 crebris,
851 1866 925 1906 per
963 1852 1089 1892 series
1127 1853 1315 1907 digestis.
1376 1854 1427 1893 ad
1464 1865 1650 1893 ventrem
1689 1853 1841 1892 sensim
1880 1855 2116 1906 majoribus,

451 1925 882 1980 cyaneo-virentibus
912 1941 982 1967 seu
1012 1926 1276 1982 aeruginosis.
1335 1929 1440 1969 Gula
1470 1927 1667 1976 albescit,
1699 1926 1834 1981 strigis
1856 1944 1890 1967 2.
1921 1929 2115 1983 obliquis,

450 1999 776 2040 fulvescentibus
816 2001 868 2040 ad
907 2012 1125 2056 utrumque
1166 2003 1420 2057 opere-ulum.
1489 2003 1640 2041 Pinnae
1667 2005 1890 2057 pectorales
1925 2001 2117 2057 hyalino-

452 2075 589 2125 rufae‚
627 2082 671 2116 15
700 2074 914 2121 radiatae;
941 2079 1139 2116 ventrales
1167 2091 1337 2131 parvae,
1368 2077 1483 2117 fulvo
1511 2090 1754 2131 cyaneoque
1783 2075 1941 2124 variae,
1971 2078 2055 2117 rad.
2076 2085 2114 2118 6.

452 2164 627 2204 quorum
656 2149 811 2204 primus
840 2150 1037 2205 simplex,
1069 2152 1142 2191 sed
1171 2151 1244 2191 vix
1273 2151 1471 2206 spinosus.
1529 2153 1574 2191 P.
1606 2152 1715 2191 dorsi
1742 2151 1950 2200 continua,
1980 2150 2114 2191 humi-

454 2223 526 2273 lis,
555 2229 730 2264 anterius
759 2225 885 2265 radiis
921 2242 981 2277 19.
1010 2224 1190 2266 debilius
1219 2226 1564 2281 spinescentibus‚
1596 2225 1725 2280 ligula
1755 2237 1922 2265 cutacea
1951 2227 1999 2266 ad
2030 2225 2114 2280 api-

455 2312 546 2338 cem
575 2298 850 2353 singulorum,
891 2300 1050 2355 postice
1088 2300 1213 2342 radiis
1249 2319 1308 2343 12.
1343 2300 1617 2350 dichotomis,
1660 2299 1975 2355 prolixioribus,
2025 2311 2114 2340 tota

457 2372 705 2427 fulvescens,
745 2389 905 2431 cyaneo
935 2387 1113 2431 guttam,
1156 2377 1219 2418 uti
1246 2388 1287 2418 et
1313 2393 1354 2433 p.
1385 2377 1453 2418 ani
1481 2388 1524 2417 et
1552 2376 1720 2417 caudae.
1778 2378 1890 2416 Haec
1919 2375 2115 2430 aequalis,
