2185 2890
850 184 994 207 Ξ
1701 181 1753 222 53

380 304 462 354 ῺἹ.
520 297 919 343 LACERTA
975 296 1170 355 aporia.
1212 295 1341 338 TAB.
1386 295 1458 338 VJ.

222 375 267 414 L.
304 389 473 429 corpore
505 371 734 412 annulatim
762 370 951 419 loricato,
984 366 1285 424 appendicibus
1314 377 1475 407 tantum
1504 366 1615 408 binis
1645 365 1761 424 pedi-

80 449 281 490 forniibus
312 448 514 503 adactylis
546 449 596 487 ad
626 461 761 486 anum.

295 527 468 563 Lacerta
499 539 616 578 apus,
648 523 749 563 Pali.
782 526 855 561 itin
897 522 970 560 ΠΙ.
1000 538 1039 577 p.
1072 536 1162 571 702.
1192 519 1296 559 Nov-
1325 519 1438 558 Com.
1468 519 1626 572 Petrop.
1643 517 1756 558 XIX.

352 617 390 654 p.
421 606 497 649 435
542 598 624 638 tab.
657 615 693 648 9.
725 598 894 637 Gmelin.
924 606 1027 649 syst.
1056 597 1143 634 Lin.
1174 596 1248 633 III.
1281 610 1319 647 p.
1358 610 1471 647 1079.
1503 609 1563 649 sp.
1594 610 1657 648 77.

295 673 456 728 Anguis
486 671 703 721 ventralis,
741 675 996 727 (perperam)
1028 671 1233 711 Giildenst.
1263 669 1350 708 MS.

299 748 614 804 Amphisbaena
645 747 827 802 caspica,
870 748 1039 787 Gmelin.
1066 750 1150 802 jun.

188 824 381 867 Cosaccis
411 825 587 865 Gluchar
621 822 667 873 (i.
699 837 735 862 e.
767 822 967 875 Surdus).
1025 824 1161 860 Tauro
1180 819 1349 860 -tataris
1378 821 1590 861 Sesclzdka.

216 901 286 940 Ad
327 914 496 940 omnem
527 900 784 944 Caucasum,
841 897 885 936 in
916 895 1049 936 hortis
1081 896 1132 935 ad
1159 896 1369 935 Terekum
1399 906 1441 935 et
1469 895 1513 935 in
1544 907 1757 936 montosae

74 991 174 1018 vorae
204 975 405 1017 Tauricae
437 972 707 1022 Chersonesi,
740 972 988 1021 nemorosis,
1029 969 1217 1011 herbidis
1250 969 1509 1010 convallibus
1541 969 1756 1025 hortisque

78 1051 192 1092 haud
221 1051 474 1104 infrequens.
534 1051 632 1088 Non
664 1046 791 1101 fugit,
824 1046 905 1085 nisi
935 1045 1126 1100 proxime
1158 1045 1384 1084 accedente
1416 1043 1608 1094 homine,
1651 1057 1758 1086 tum-

77 1141 158 1181 que
188 1125 478 1170 velocissime3
535 1122 636 1162 hinc
678 1137 829 1162 nomen
873 1122 982 1175 apud
1025 1121 1298 1159 Terekienses
1328 1119 1530 1160 Cosaccos
1560 1120 1757 1161 obtinuit.

79 1202 146 1242 Ob
176 1198 325 1254 capitis
370 1198 529 1238 molem
569 1196 696 1236 etiam
737 1197 993 1235 Golomatsch
1025 1194 1218 1248 (capito)
1250 1193 1482 1247 appellatur
1511 1195 1561 1233 ab
1591 1195 1755 1235 iisdem.

76 1274 228 1315 Cranio
270 1272 462 1314 diffracto
506 1269 645 1310 statim
685 1269 875 1318 moritur,
935 1269 1058 1308 corde
1099 1267 1263 1307 excisso
1303 1281 1377 1321 per
1414 1267 1589 1308 biduum
1619 1268 1755 1310 adhuc

74 1360 292 1404 superstes.
352 1346 474 1388 Circa
501 1345 620 1385 Tissis
637 1343 840 1398 Georgiae
870 1341 998 1383 etiam
1025 1341 1261 1382 observavit
1286 1342 1345 1382 CZ.
1370 1343 1754 1386 Guldenstaedt.

73 1423 339 1464 Ventriculus
368 1423 613 1478 plerumque
643 1418 831 1460 cochleis
860 1417 1120 1458 terrestribus
1151 1417 1353 1472 repletus,
1394 1416 1541 1472 quibus
1572 1418 1752 1461 victitat.

73 1502 228 1539 Foeces
260 1498 531 1546 virescentes,
564 1509 769 1536 mucosae.

210 1575 252 1613 N
262 1584 320 1614 ot.
363 1571 704 1626 Descriptionem
731 1586 826 1610 cum
857 1580 1048 1611 anatome
1080 1580 1311 1609 accuratam
1344 1568 1442 1609 dedi
1472 1569 1516 1609 in
1544 1570 1754 1609 Commen-

76 1652 191 1690 tariis
218 1646 474 1687 Academiae
505 1651 583 1688 loc.
617 1650 684 1686 cit.
714 1656 757 1685 et
783 1660 866 1686 non
897 1646 948 1684 ad
976 1647 1217 1699 Serpentes,
1261 1645 1333 1684 sed
1363 1645 1415 1684 ad
1444 1647 1634 1684 Lacertas
1664 1658 1751 1685 esse

73 1723 352 1771 referendam,
385 1722 477 1762 luce
506 1719 736 1760 meridiana
765 1719 913 1760 clarius
943 1719 1130 1774 exposui.
1189 1720 1258 1758 Ad
1287 1721 1501 1759 Lacertam
1530 1722 1751 1773 anguinum

72 1801 174 1839 Lin.
204 1796 397 1854 proxime
427 1795 611 1843 accedit,
640 1794 771 1835 immo
802 1796 906 1835 forte
935 1792 1284 1849 AmpliisbaenaS.
1342 1793 1526 1834 Lacertis
1558 1792 1751 1848 approxi-

73 1884 179 1922 mat,
224 1873 336 1928 quod
377 1886 430 1912 ex
471 1875 679 1912 Anatome
721 1869 872 1910 harum
914 1868 1107 1925 liquebit.
1180 1870 1302 1909 Color
1342 1868 1388 1908 in
1427 1867 1596 1909 tauricis
1627 1882 1748 1922 saepe

76 1962 198 2003 supra
225 1948 479 1998 fuscescens,
512 1948 652 1987 subtus
682 1947 820 1986 flavus.
842 1971 893 1977 ——
923 1948 971 1985 In
1000 1943 1066 1984 his
1096 1945 1269 1984 observo
1301 1943 1437 1984 adhuc
1466 1947 1579 2000 quod
1595 1946 1749 1984 cloaca

75 2022 230 2063 cavitas
259 2036 423 2076 rugosa,
481 2021 637 2078 pollice
676 2019 749 2060 vix
787 2020 943 2069 minor,
1000 2019 1045 2059 in
1075 2023 1188 2075 cujus
1218 2021 1347 2061 fundo
1377 2024 1552 2060 intestini
1581 2018 1746 2070 ostium,

74 2098 185 2152 rugis
214 2096 518 2152 prominulum,
576 2108 669 2137 ante
710 2095 821 2137 illud
862 2099 1044 2138 urethrae
1088 2107 1275 2150 apertura
1317 2095 1528 2134 valvulosa
1558 2108 1579 2133 e
1610 2093 1748 2134 vesica

73 2171 255 2212 urinaria
285 2185 455 2226 magna,
499 2172 692 2226 oblonga.
750 2175 861 2212 Pone
892 2171 1000 2212 hanc
1030 2171 1074 2211 in
1105 2170 1296 2210 masculis
1324 2169 1517 2224 utrinque
1549 2170 1622 2209 sub
1652 2180 1747 2208 cute

72 2251 183 2302 ‚sinus
211 2248 297 2287 fere
327 2245 560 2302 pollicaris,
617 2245 727 2286 intus
758 2247 1000 2294 muricatus,
1058 2244 1323 2285 extremitate
1353 2244 1494 2300 spinae
1524 2243 1749 2285 vertebrali

71 2321 214 2362 affixi:
272 2321 327 2362 Hi
356 2321 588 2363 extroversi
612 2325 812 2377 genitalia
843 2323 1026 2365 mascula
1066 2322 1282 2378 praebent.
1353 2319 1534 2376 Reliqua
1574 2318 1671 2361 vide
1702 2318 1746 2360 in

72 2412 166 2438 mea
194 2398 473 2454 descriptione.

1281 2480 1303 2514 5
