2185 2890
355 168 410 213 38
1112 169 1258 193 ’ζ’-

745 288 825 330 31.
900 281 939 328 C
962 284 1001 327 O
1021 283 1056 326 L
1077 281 1230 326 UBE
1249 281 1291 325 R
1361 283 1637 341 ponticus.

493 421 540 464 C.
570 435 690 477 supra
717 420 903 462 cinereus
931 419 1240 467 immaculatus,
1288 416 1412 459 scutis
1441 418 1561 475 nigro
1591 429 1634 459 et
1662 418 1916 460 fulvescents
1947 430 2024 461 tes-

357 497 512 540 sulatis.

489 577 536 613 In
571 584 694 629 portu
723 572 1081 628 Sevastopolitano
1111 581 1153 611 et
1181 569 1226 610 in
1255 569 1422 611 sinubus
1451 570 1574 611 Ponti
1601 569 1822 610 Tauricam
1852 570 2027 612 Cherso-

351 663 497 690 nesum
538 647 754 698 alluentiS,
811 647 939 688 etiam
981 647 1025 688 in
1063 646 1229 687 sinubus
1262 645 1601 701 profundioribus
1632 644 1714 685 rivi
1742 646 2023 700 Bijuk-osen,

353 725 567 780 frequens,
601 723 716 778 aquis
745 722 957 772 innatans,
988 722 1032 762 in
1060 734 1213 762 terram
1244 737 1334 762 raro
1365 721 1523 762 exiens.

489 801 659 840 Des-cr.
701 798 822 839 Licet
852 797 983 838 affinis
1011 797 1301 854 praecedenti,
1343 808 1483 836 tamen
1512 811 1772 851 squamarum
1803 797 1952 847 forma,
1982 806 2028 837 ut

352 875 504 924 colore,
536 873 732 914 diversus.
792 875 925 928 Caput
956 872 1106 913 habitu
1127 872 1334 922 Natricis3
1366 873 1511 912 dentes
1543 872 1767 912 aciculares
1797 871 1842 911 in
1870 872 2025 927 palato.

353 951 475 990 Color
503 964 623 1004 supra
650 948 857 997 cinereus,
891 949 1070 1003 squamis
1099 948 1197 988 stria
1228 947 1444 997 carinatis,
1475 962 1558 987 non
1588 946 1866 1001 emarginatis.
1904 948 2027 987 Scuta

354 1022 635 1065 abdominalia
663 1022 945 1077 irregulariter
973 1025 1091 1077 nigro
1122 1035 1164 1063 et
1193 1023 1350 1077 pallide
1381 1023 1637 1063 fulvescente
1665 1023 1880 1071 tessulata,
1911 1033 1957 1061 ut
1985 1032 2027 1061 et

352 1112 543 1153 squamae
573 1098 854 1139 subcaudales.
899 1098 1022 1138 Scuta
1051 1109 1217 1152 praeter
1247 1112 1460 1153 squamam
1488 1097 1698 1152 geminam
1727 1112 1850 1137 anum
1881 1107 2026 1152 tegen-

351 1185 457 1225 tem,
493 1191 580 1228 177.
637 1175 837 1229 Squamae
867 1173 1135 1213 subcaudales
1167 1180 1231 1213 (30.

739 1310 816 1348 32.
893 1303 931 1348 C
953 1305 993 1346 O
1014 1303 1283 1346 LUBER
1364 1309 1642 1348 scutatus.

492 1398 541 1440 C.
572 1412 692 1453 supra
721 1408 807 1437 atei·
837 1411 1011 1452 opacus,
1071 1395 1197 1437 scutis
1238 1394 1382 1452 politis
1425 1396 1657 1447 latissimis,
1715 1413 1789 1454 per
1816 1396 1931 1453 paria
1961 1398 2028 1438 fla-

356 1483 550 1515 vescente
579 1473 780 1527 nigroque
809 1471 1028 1512 tessulatis.

571 1547 752 1588 Coluber
778 1558 975 1597 scutatus,
1034 1548 1138 1589 Pall.
1169 1551 1254 1589 itin.
1284 1550 1318 1587 Ι.
1348 1564 1387 1604 p.
1420 1556 1511 1600 459.
1545 1565 1583 1590 n.
1620 1566 1679 1602 17·
1724 1550 1893 1591 Gmelin.
1921 1559 2024 1604 syst-

624 1624 713 1664 Lin.
741 1624 815 1663 ΙΙΙ.
847 1639 886 1678 p.
922 1639 1035 1663 1102.

493 1698 613 1739 Circa
643 1713 785 1738 omnes
809 1713 919 1738 mare
950 1698 1147 1754 Caspium
1177 1701 1400 1740 subeuntes
1429 1699 1576 1740 fluvios
1603 1699 1648 1739 in
1677 1700 1846 1755 regione
1876 1712 2026 1741 austra-

356 1773 460 1814 liore
491 1772 818 1829 copiosissimus,
876 1773 1136 1829 amphibius,
1191 1774 1236 1814 in
1271 1774 1442 1814 flumine
1472 1786 1513 1814 et
1543 1775 1712 1815 lacubus
1743 1790 1873 1829 aeque
1904 1791 1950 1815 ac
1978 1775 2024 1815 in

354 1847 582 1904 paludosis,
612 1849 726 1896 udis,
754 1850 976 1898 ruderatis,
1019 1848 1333 1889 nitroso-salsis
1361 1850 1574 1904 frequens,
1613 1849 1814 1890 innocuus
1844 1849 2022 1900 homini,

358 1925 430 1964 sed
460 1923 795 1979 quadrupedibus
824 1923 1013 1973 minutis,
1058 1923 1324 1979 piscibusque
1352 1923 1552 1964 terribilis
1583 1924 1770 1978 agilitate
1800 1936 1841 1965 et
1870 1925 2021 1967 animo.

493 2000 661 2039 Descr.
693 2001 826 2055 Caput
855 1998 960 2038 facie
988 1998 1185 2048 Natricis,
1216 1998 1607 2054 depressiusculum,
1639 2001 1711 2040 sed
1740 2002 1864 2055 paulo
1893 2000 2023 2055 magis

356 2074 597 2124 buccatum,
655 2089 775 2130 supra
817 2085 949 2114 atrum
991 2075 1130 2114 subtus
1161 2085 1202 2114 et
1231 2073 1495 2114 maxillarum
1527 2074 1696 2114 scutulis
1740 2076 1899 2126 album,
1957 2075 2024 2116 his

358 2158 497 2189 tamen
539 2150 653 2190 fusco
695 2149 948 2203 marginatis.
1018 2150 1139 2189 Oculi
1180 2152 1356 2203 majores
1399 2164 1523 2203 quam
1551 2151 1866 2204 praecedentis,
1926 2152 2025 2191 iride

357 2222 483 2263 fusca.
542 2226 734 2264 Dentium
762 2224 954 2280 utrinque
983 2224 1106 2264 series
1140 2229 1180 2264 in
1208 2236 1379 2278 utraque
1411 2228 1583 2264 maxilla
1615 2225 1873 2279 marginalis,
1913 2241 2027 2280 prac-

357 2308 552 2352 tereaque
582 2298 626 2337 in
658 2303 795 2352 palato
825 2298 1013 2354 pectines
1043 2302 1123 2340 duo
1154 2298 1492 2354 longhudinales,
1552 2302 1706 2354 Corpus·
1735 2300 1785 2338 ad
1814 2309 1826 2340 ἑ
1862 2314 2027 2339 crasses-

357 2385 473 2424 cens,
531 2372 686 2413 dehinc
724 2388 860 2415 versus
903 2376 1075 2415 caudam
1115 2386 1391 2425 attenuatum,
1451 2373 1844 2429 deprcssiusculum,
1905 2380 2028 2415 scutis
