2185 2890
435 165 458 194 2
469 157 523 198 :3
1202 159 1344 184 Ξ

437 262 651 314 ,,11ἰυ.]πο5,
684 261 727 302 iu
757 265 870 316 cujus
901 260 1074 300 fundum
1111 271 1153 300 et
1182 259 1320 300 vesica
1351 257 1516 298 anemia
1545 256 1719 308 desinitg
1751 260 2013 298 ventriculum
2042 273 2122 299 sac-

440 351 632 390 „cntunsb
677 336 831 393 chymo
863 335 1127 391 lieznogeneo
1158 337 1331 391 plenum
1359 347 1404 374 et
1436 335 1679 389 appendices
1707 333 1914 389 pyloricas
1944 333 2122 386 gracilli-

439 430 554 464 „mas
592 421 650 454 16.
687 412 932 452 intestinum
961 426 1060 451 vero
1089 421 1203 451 recta
1234 413 1285 451 ad
1327 426 1450 450 anum
1490 424 1685 464 pergens,
1730 407 2018 463 cystidemque
2049 408 2123 447 fel-

441 489 578 540 „leam
608 489 739 528 bilem
770 486 813 526 in
846 486 1100 541 appendices
1132 489 1406 528 fundenten1“
1437 484 1547 525 nihil
1579 495 1723 524 notatu
1752 483 1870 538 digni
1905 484 2124 523 Stellero

441 565 734 620 praebuerunt.
806 563 969 602 Pondus
1000 561 1319 603 Camtsehaticis
1349 578 1371 601 a
1401 571 1425 611 4
1455 562 1505 600 ad
1537 569 1558 602 5
1592 559 1748 600 uncias.
1818 557 2048 613 Capiuntui·
2079 558 2123 597 hi

444 639 578 694 pisces
608 640 828 693 quotannis
857 637 993 691 primo
1025 653 1120 677 vere
1150 637 1352 677 immensa
1384 635 1506 691 copia
1536 635 1580 675 in
1611 634 1703 675 sinu
1729 633 1849 674 maris
1867 634 2122 681 Olutorensi,

444 714 516 754 sed
548 725 646 754 tune
677 711 916 756 macilenti,
948 723 991 752 et
1020 712 1144 752 initio
1174 712 1284 752 Junii
1319 728 1340 751 a
1370 711 1563 751 fluctibus
1594 712 1738 750 crebro
1768 709 1812 749 in
1845 709 1960 749 littus
1982 709 2125 749 Camt-

446 787 678 829 schatieum
709 787 991 827 eliminantur.
1029 787 1345 828 Camtschatcae
1375 785 1492 826 fluvii
1522 786 1672 825 ostium
1703 787 1753 825 ab
1782 784 1906 824 initio
1937 787 2124 839 Septem-

446 863 531 904 bris
562 864 613 902 ad
643 862 826 902 medium
856 861 942 902 imo
979 864 1104 902 finem
1134 862 1328 903 Octobris
1365 860 1605 916 ingentibus
1644 860 1835 914 gregibus
1872 861 1923 900 ad
1965 860 2126 914 aliquot

448 937 580 978 stadia
616 938 828 977 intrabant
864 937 993 977 olima
1024 937 1215 978 Cetaeeis
1256 936 1484 977 minoribus
1521 936 1731 975 interdum
1769 950 1895 989 usque
1934 934 1979 974 in
2017 935 2124 977 ostia

448 1013 564 1053 fluvii
579 1012 876 1052 insectantibus
891 1011 1111 1066 persecuti.
1143 1011 1388 1051 Adveniunt
1402 1012 1645 1065 plerumque
1661 1026 1754 1050 cum
1770 1011 1909 1056 fluctu,
1925 1001 2126 1067 aestuque

449 1090 620 1129 reflunte
651 1088 864 1127 recedunt.
936 1088 1093 1126 Amant
1122 1085 1384 1141 potissimum
1416 1086 1526 1125 sinus
1556 1085 1678 1126 maris
1708 1086 1881 1124 vadosos
1911 1097 1954 1125 et
1985 1103 2127 1130 areno-

449 1180 535 1214 sos,
567 1175 610 1202 et
636 1162 713 1202 illo
742 1173 931 1217 tempore
961 1162 1065 1201 adeo
1094 1161 1267 1216 pingues
1297 1172 1410 1210 sunt,
1441 1172 1486 1200 ut
1515 1161 1726 1216 pinguedo
1756 1161 1868 1210 alba,
1901 1164 2127 1204 consisten-

451 1239 530 1279 tiae
547 1239 631 1277 fere
653 1237 794 1291 butyri
822 1248 863 1276 et
893 1236 1037 1291 sapida
1066 1251 1119 1276 ex
1143 1235 1194 1276 iis
1225 1237 1404 1291 excoqui
1434 1237 1631 1291 potuerit.
1675 1241 1771 1276 Post
1796 1247 1929 1277 terrae
1961 1251 2122 1280 motum

453 1313 505 1353 ai.
543 1320 655 1366 ¹737·
701 1311 854 1352 ostium
894 1311 1011 1352 fluvii
1052 1311 1293 1366 parcissime
1335 1311 1488 1351 intrare
1531 1311 1740 1352 observati
1784 1323 1896 1362 sunt,
1944 1313 2046 1354 licet
2081 1315 2125 1355 in

453 1386 556 1428 mari
586 1385 723 1446 adhue
751 1385 812 1426 ibi
841 1397 1074 1435 versentur,
1120 1386 1279 1426 aditum
1322 1386 1581 1441 impediente
1618 1397 1752 1427 tractu
1791 1402 1961 1428 arenoso
1999 1400 2124 1430 trans-

453 1477 570 1503 verso
599 1461 750 1502 ostium
780 1460 898 1502 fluvii
934 1460 1063 1515 magis
1107 1460 1318 1515 magisque
1360 1462 1599 1501 obstruente
1636 1473 1679 1501 et
1715 1463 1861 1503 fluctus
1899 1463 2123 1514 excitante,

452 1537 600 1593 quibus
629 1547 833 1576 terrentur
858 1536 1006 1591 pisces·
1065 1535 1295 1591 Capiuntur
1324 1536 1449 1576 etiam
1480 1537 1649 1591 copiose
1680 1536 1727 1576 hi
1757 1537 1910 1592 pisces,
1951 1543 2125 1594 majores

452 1610 792 1661 Camtsehaticis‚
837 1611 948 1652 circa
985 1610 1162 1650 insulam
1193 1611 1348 1666 Caraga
1389 1623 1430 1652 et
1472 1611 1702 1652 incolarum
1741 1613 1986 1669 praecipuus
2031 1627 2124 1656 sunt

452 1703 527 1743 pro
556 1686 709 1742 hyeme
741 1698 1010 1727 commeatus.
1083 1688 1175 1726 Nee
1206 1686 1399 1726 videntur
1427 1688 1615 1727 diversae
1647 1702 1735 1728 esse
1767 1689 1971 1744 Clupeam,
2019 1705 2124 1745 quae

455 1762 600 1802 fluvios
626 1763 799 1817 Anadyr
827 1774 868 1802 et
896 1765 1085 1816 Kovyma
1117 1762 1167 1801 ad
1197 1761 1356 1816 aliquot
1386 1773 1560 1802 centena
1589 1763 1719 1803 stadia
1749 1763 1884 1803 subire
1914 1764 2119 1815 dicuntur,

455 1845 496 1878 ‘et
526 1852 548 1877 e
580 1840 769 1892 Kovyma
798 1838 933 1877 adlata
963 1836 1193 1891 specimina
1221 1852 1360 1877 eoram
1389 1836 1541 1878 habeo.

589 1913 660 1952 No
673 1923 700 1952 t.
734 1929 770 1952 2.
831 1915 907 1951 Per
936 1911 1075 1950 alveos
1105 1912 1155 1950 ad
1187 1923 1364 1965 systema
1394 1914 1527 1951 Amur
1557 1914 1594 1952 Η.
1625 1913 1900 1968 pertinentes,
1939 1930 2122 1970 praeser-

453 1986 530 2027 tim
561 1985 774 2044 Schilk-am
805 1997 846 2025 et
876 1988 1113 2039 Argunum,
1156 1987 1373 2026 adscendit
1401 1986 1585 2041 Clupeae
1622 1989 1804 2043 species,
1848 1990 2021 2030 Rossieo
2051 2005 2123 2030 no-

453 2062 565 2102 mine
600 2062 987 2118 Wostrobrjuschka,
1020 2077 1041 2100 a
1070 2072 1214 2100 ventre
1243 2060 1288 2100 in
1319 2061 1452 2101 aciem
1481 2076 1717 2117 compresso
1747 2066 1978 2120 appellata,
2019 2080 2123 2120 quae

453 2136 561 2176 mihi
590 2138 761 2178 obscura
791 2135 951 2176 mansit.
1013 2137 1117 2177 Cum
1147 2137 1402 2176 Ptlcschardo
1438 2152 1520 2177 non
1551 2139 1671 2178 unius
1702 2154 1789 2179 esse
1820 2139 2000 2195 speciei,
2032 2156 2123 2195 pro-

454 2213 569 2251 bavit
598 2211 704 2251 mihi
735 2217 856 2267 pin-na
885 2216 952 2251 ani
982 2211 1111 2265 magis
1141 2222 1332 2260 extensa,
1377 2222 1419 2251 et
1459 2216 1564 2253 linea
1603 2217 1784 2256 lateralis
1816 2215 1934 2256 valde
1964 2214 2122 2271 conspi-

452 2301 539 2327 cua.
596 2288 716 2328 Plura
745 2302 768 2327 e
798 2287 951 2330 siccato
981 2285 1209 2340 specimine
1240 2287 1391 2326 addere
1422 2303 1503 2328 non
1534 2291 1659 2339 juvat.
