2185 2890
878 188 1020 214 a
1717 174 1776 231 65

106 294 235 360 Squali
264 312 401 357 species
429 311 540 345 Galeo
567 310 682 344 affinis
711 311 795 344 satis
831 310 997 353 frequens
1033 310 1207 344 derelicto
1233 312 1482 354 promontorio
1507 311 1774 347 Camtschatico

101 372 252 417 Lopzzth
280 375 377 405 dicto
405 376 439 404 in
474 373 617 404 Oceano
654 372 819 404 orientali
855 376 892 403 et
925 382 970 403 ex
1006 373 1133 404 eodem
1167 372 1212 403 ad
1244 373 1424 404 Oceanum
1459 375 1634 405 sinensem
1669 383 1775 404 cursu

99 437 245 466 nautico
277 432 620 474 transgredientibus
658 433 759 464 nobis
791 432 854 463 sub
882 430 945 464 36⁰
975 429 1034 464 ὅδ’
1066 431 1264 463 latitudinis
1299 435 1336 464 et
1369 431 1458 465 201⁰
1485 429 1552 465 30'.
1581 432 1776 475 longitudi-

99 496 153 525 nis
181 494 225 524 ad
251 492 345 523 (lieni
373 501 417 523 22
446 492 612 523 Octobris
654 491 744 525 1805
779 501 890 534 usque
924 493 999 522 visa
1032 495 1069 524 et
1096 491 1229 533 pluries
1267 496 1372 534 capta
1407 502 1426 523 a
1472 503 1528 523 me
1557 491 1710 523 dissecta
1737 494 1775 523 et

99 554 288 595 disquisita
314 552 399 592 fuit,
436 550 597 583 habiturn
625 554 732 594 piscis
766 551 998 593 ejusdemque
1025 555 1244 583 structuram
1270 555 1308 583 et
1333 551 1572 582 dimensiones
1602 553 1774 592 partium,

103 614 354 644 intestinorum
388 614 425 642 et
458 614 632 642 vermium
664 611 922 643 intestinalium
957 614 1120 642 naturam
1154 613 1366 652 praesertim
1400 612 1554 642 Taeniae
1587 609 1778 652 hepaticae

102 672 285 714 explicavi
310 674 348 702 et
373 670 566 702 delinaevi.
631 671 838 704 vesiculam
873 669 1016 701 felleam
1050 681 1119 701 non
1153 674 1257 702 extra
1292 670 1404 713 hepar
1436 670 1498 701 secl
1526 671 1561 700 in
1588 672 1663 712 ipsa
1691 670 1774 702 sub-

101 733 233 763 stantia
263 730 405 772 hepatis
433 730 607 762 inclusam
636 732 755 761 inveni
783 734 821 762 et
846 729 936 760 hane
963 731 1121 772 speciem
1150 731 1183 760 in
1211 732 1354 762 Oceano
1384 729 1550 762 orientali
1568 728 1775 762 Camtscha-

99 793 173 822 tico
202 791 530 832 frequentissimam
556 789 767 821 animalibus
806 791 1130 821 Rosso-Asiaticis
1169 789 1471 821 adnumerandam
1511 790 1655 831 putavi,
1711 788 1775 820 sed

101 860 183 882 cum
211 849 396 882 historiam
423 849 623 881 naturalem
662 853 699 881 et
738 849 1001 891 skiagrapliiam
1038 853 1221 880 anatomes
1249 850 1461 891 Squalorum
1491 852 1525 881 in
1552 850 1679 881 itinere
1707 850 1776 880 cir·

99 920 182 942 cum
208 913 343 941 terram
370 913 558 950 captorum
588 911 753 951 auspiciis
785 911 888 940 amici
921 910 1221 951 experientissimi
1260 909 1454 951 Rudolphii
1482 910 1684 941 Anatomici
1711 910 1775 938 Be-

99 969 288 1000 rolinensis
317 969 552 1009 dradidestm,
581 973 621 1000 ut
648 971 683 1000 in
709 969 898 1000 Germania
927 968 1063 1011 publici
1089 969 1175 1009 juris
1206 969 1288 1009 fiat,
1326 968 1383 1000 hic
1410 972 1551 1000 tantum
1579 967 1773 1007 annotabo,

98 1028 268 1070 Squalum
308 1028 601 1070 decempedalem
641 1028 853 1070 plerumque
906 1028 1014 1059 fuisse
1059 1028 1238 1059 interdum
1286 1031 1324 1059 et
1365 1026 1661 1069 novempedalem
1696 1036 1780 1057 cum

102 1088 230 1128 viginti
257 1090 294 1119 et
319 1091 408 1128 quot
435 1089 596 1119 excurrit
623 1087 795 1128 pollicum
822 1097 989 1127 numero,
1018 1089 1219 1128 vivipuruni
1246 1088 1535 1129 octopterygium
1565 1088 1599 1116 in
1626 1085 1775 1116 maxilla

101 1148 279 1187 superiori
306 1146 458 1188 simplici
486 1146 644 1177 dentium
671 1146 942 1187 triangulari-um
984 1145 1239 1177 serrulatarum
1264 1148 1438 1189 majorum
1464 1146 1607 1186 ordine,
1660 1147 1694 1175 in
1722 1146 1774 1175 in-

99 1205 230 1236 feriore
258 1205 392 1247 duplici
419 1207 596 1236 minorum
623 1208 819 1244 armatum,
848 1209 1071 1246 gregarium,
1099 1207 1299 1246 cinereum,
1331 1215 1483 1246 corpore
1511 1205 1638 1236 obtuse
1664 1205 1774 1235 trian-

99 1264 215 1306 gulari
242 1265 447 1306 prismatieo
474 1266 589 1306 pinnis
624 1263 869 1306 pectoralibus
908 1264 1119 1305 longissimis
1165 1265 1265 1305 quasi
1291 1263 1403 1304 alato,
1458 1263 1683 1296 velocissime
1713 1272 1775 1294 na-

98 1327 236 1356 tantem
264 1327 300 1356 et
325 1325 608 1356 voracissimum.
713 1321 749 1357 T
753 1346 914 1360 .....
942 1333 966 1355 s.

366 1502 446 1551 IX.
511 1499 1505 1551 PETROMYZONTES.

242 1696 371 1748 Hujus
402 1692 646 1748 praesertim
676 1693 838 1747 generis
880 1708 974 1733 cum
1017 1691 1261 1747 Amphibiis
1292 1692 1349 1732 sic
1381 1691 1524 1742 dictis,
1581 1704 1623 1732 et
1651 1692 1775 1734 simul

99 1787 196 1813 cum
238 1768 423 1809 Piscibus
473 1766 785 1808 branchialibus
835 1783 910 1822 per
960 1767 1097 1807 affinia
1144 1782 1294 1821 genera
1337 1767 1548 1820 analogia,
1617 1769 1772 1809 limites

102 1844 294 1887 classicos
321 1842 431 1882 inter
460 1842 596 1883 Pisces
625 1854 667 1882 et
702 1841 937 1894 Amphibia
980 1843 1103 1893 plane
1147 1842 1260 1882 tollit
1302 1853 1341 1881 et
1371 1843 1593 1895 Amphibicz
1624 1842 1682 1882 sic
1713 1843 1773 1883 di-

101 1932 169 1961 cta
197 1931 392 1973 tanquam
421 1917 625 1959 Ordinem
655 1916 806 1958 Classis
847 1919 1099 1958 Animaliwn
1139 1916 1648 1970 sanguineo-frigitloruni
1679 1932 1773 1957 con-

104 1995 358 2034 stituendum
387 2007 476 2033 esse
505 1994 673 2047 probat,
731 1991 1009 2045 Antiquorum
1039 1992 1083 2031 in
1112 1993 1291 2032 laudem.
1359 1993 1566 2031 Structura
1596 2006 1772 2045 praeser-

104 2069 183 2109 tim
213 2082 458 2122 organorum
505 2065 787 2121 respirationis
819 2068 899 2120 (ᾖ),
964 2067 1190 2121 generandi
1232 2067 1376 2106 modus
1419 2076 1459 2104 ct
1500 2068 1656 2105 Natura
1685 2077 1774 2106 tota

106 2148 453 2196 Petromyzontes
497 2141 607 2181 inter
644 2135 925 2195 'heim-ogenea
966 2153 1008 2181 et
1049 2141 1270 2196 singularia
1313 2139 1532 2180 creationis
1573 2142 1775 2196 producta

102 2216 335 2259 constituit.

152 2372 205 2416 (⁹⁵)
235 2382 339 2419 quam
366 2373 401 2402 in
420 2373 507 2404 Tom
534 2372 592 2403 111.
608 2372 712 2402 Mem.
743 2371 787 2403 de
816 2371 951 2405 I’Acad.
976 2371 1036 2404 des
1057 2379 1104 2404 sc.
1133 2372 1175 2402 tle
1203 2372 1248 2402 St.
1267 2368 1420 2404 Peterslz.
1450 2381 1482 2413 p.
1501 2370 1582 2414 240.
1613 2374 1777 2414 exposui.

1301 2454 1322 2486 l)
