<?xml version="1.0" encoding="UTF-8"?>
<!DOCTYPE html PUBLIC "-//W3C//DTD XHTML 1.0 Transitional//EN"
    "http://www.w3.org/TR/xhtml1/DTD/xhtml1-transitional.dtd">
<html xmlns="http://www.w3.org/1999/xhtml" xml:lang="en" lang="en">
 <head>
  <title>
</title>
<meta http-equiv="Content-Type" content="text/html;charset=utf-8" />
  <meta name='ocr-system' content='tesseract 3.04.00' />
  <meta name='ocr-capabilities' content='ocr_page ocr_carea ocr_par ocr_line ocrx_word'/>
</head>
<body>
  <div class='ocr_page' id='page_1' title='image "./zoographiarossoa31831pall_0269.png"; bbox 0 0 2185 2890; ppageno 0'>
   <div class='ocr_carea' id='block_1_1' title="bbox 851 165 1754 204">
    <p class='ocr_par' dir='ltr' id='par_1_1' title="bbox 851 165 1754 204">
     <span class='ocr_line' id='line_1_1' title="bbox 851 165 1754 204; baseline 0.001 -1"><span class='ocrx_word' id='word_1_1' title='bbox 851 170 995 196; x_wconf 49' lang='grc' dir='ltr'><strong>Ξ</strong></span> <span class='ocrx_word' id='word_1_2' title='bbox 1668 165 1754 204; x_wconf 79' lang='lat'>253</span> 
     </span>
    </p>
   </div>
   <div class='ocr_carea' id='block_1_2' title="bbox 85 269 1761 2343">
    <p class='ocr_par' dir='ltr' id='par_1_2' title="bbox 85 269 1761 2343">
     <span class='ocr_line' id='line_1_2' title="bbox 223 269 1756 324; baseline -0.001 -9"><span class='ocrx_word' id='word_1_3' title='bbox 223 273 388 315; x_wconf 79' lang='lat' dir='ltr'>Descr.</span> <span class='ocrx_word' id='word_1_4' title='bbox 426 271 639 313; x_wconf 87' lang='lat' dir='ltr'>Dodrante</span> <span class='ocrx_word' id='word_1_5' title='bbox 666 272 864 324; x_wconf 87' lang='lat' dir='ltr'>majorem</span> <span class='ocrx_word' id='word_1_6' title='bbox 895 286 978 311; x_wconf 91' lang='lat' dir='ltr'>non</span> <span class='ocrx_word' id='word_1_7' title='bbox 1006 269 1110 312; x_wconf 77' lang='lat' dir='ltr'>vidi.</span> <span class='ocrx_word' id='word_1_8' title='bbox 1155 270 1303 311; x_wconf 86' lang='lat' dir='ltr'>Forma</span> <span class='ocrx_word' id='word_1_9' title='bbox 1333 270 1418 312; x_wconf 85' lang='lat' dir='ltr'>fere</span> <span class='ocrx_word' id='word_1_10' title='bbox 1447 273 1612 322; x_wconf 87' lang='lat' dir='ltr'>Percae,</span> <span class='ocrx_word' id='word_1_11' title='bbox 1643 286 1756 313; x_wconf 84' lang='lat' dir='ltr'>com·</span> 
     </span>
     <span class='ocr_line' id='line_1_3' title="bbox 86 345 1754 404; baseline -0.001 -14"><span class='ocrx_word' id='word_1_12' title='bbox 86 349 277 404; x_wconf 76' lang='lat' dir='ltr'>pressior.</span> <span class='ocrx_word' id='word_1_13' title='bbox 337 352 469 404; x_wconf 82' lang='lat' dir='ltr'>Caput</span> <span class='ocrx_word' id='word_1_14' title='bbox 498 357 689 390; x_wconf 75' lang='lat' dir='ltr'>acutum3</span> <span class='ocrx_word' id='word_1_15' title='bbox 745 348 940 386; x_wconf 80' lang='lat' dir='ltr'><em>maxillae</em></span> <span class='ocrx_word' id='word_1_16' title='bbox 983 345 1165 386; x_wconf 86' lang='lat' dir='ltr'>tenuiter</span> <span class='ocrx_word' id='word_1_17' title='bbox 1201 345 1409 396; x_wconf 87' lang='lat' dir='ltr'>labiatae,</span> <span class='ocrx_word' id='word_1_18' title='bbox 1452 346 1543 401; x_wconf 85' lang='lat' dir='ltr'>ipso</span> <span class='ocrx_word' id='word_1_19' title='bbox 1573 346 1754 402; x_wconf 83' lang='lat' dir='ltr'>margine</span> 
     </span>
     <span class='ocr_line' id='line_1_4' title="bbox 87 419 1757 476; baseline 0 -13"><span class='ocrx_word' id='word_1_20' title='bbox 87 424 366 464; x_wconf 78' lang='lat' dir='ltr'>denticulatae</span> <span class='ocrx_word' id='word_1_21' title='bbox 397 423 501 462; x_wconf 91' lang='lat' dir='ltr'>ultra</span> <span class='ocrx_word' id='word_1_22' title='bbox 536 430 560 470; x_wconf 78' lang='grc'>4</span> <span class='ocrx_word' id='word_1_23' title='bbox 590 421 720 461; x_wconf 84' lang='lat' dir='ltr'>lineas</span> <span class='ocrx_word' id='word_1_24' title='bbox 748 419 963 460; x_wconf 83' lang='lat' dir='ltr'>exsertiles</span> <span class='ocrx_word' id='word_1_25' title='bbox 999 422 1115 474; x_wconf 70' lang='lat' dir='ltr'>(Fig.</span> <span class='ocrx_word' id='word_1_26' title='bbox 1149 422 1232 472; x_wconf 87' lang='lat' dir='ltr'>A.)</span> <span class='ocrx_word' id='word_1_27' title='bbox 1262 423 1443 472; x_wconf 81' lang='lat' dir='ltr'>inferiore</span> <span class='ocrx_word' id='word_1_28' title='bbox 1473 422 1757 476; x_wconf 83' lang='lat' dir='ltr'>sublongiore;</span> 
     </span>
     <span class='ocr_line' id='line_1_5' title="bbox 87 494 1757 552; baseline -0.001 -14"><span class='ocrx_word' id='word_1_29' title='bbox 87 499 224 540; x_wconf 79' lang='lat' dir='ltr'>dentes</span> <span class='ocrx_word' id='word_1_30' title='bbox 253 496 427 544; x_wconf 88' lang='lat' dir='ltr'>minuti,</span> <span class='ocrx_word' id='word_1_31' title='bbox 456 495 588 545; x_wconf 85' lang='lat' dir='ltr'>acuti,</span> <span class='ocrx_word' id='word_1_32' title='bbox 619 494 808 543; x_wconf 86' lang='lat' dir='ltr'>curvuli,</span> <span class='ocrx_word' id='word_1_33' title='bbox 839 509 890 534; x_wconf 86' lang='lat' dir='ltr'>ex</span> <span class='ocrx_word' id='word_1_34' title='bbox 922 495 1040 550; x_wconf 88' lang='lat' dir='ltr'>apice</span> <span class='ocrx_word' id='word_1_35' title='bbox 1071 510 1161 535; x_wconf 85' lang='lat' dir='ltr'>ores</span> <span class='ocrx_word' id='word_1_36' title='bbox 1192 496 1263 535; x_wconf 88' lang='lat' dir='ltr'>sub</span> <span class='ocrx_word' id='word_1_37' title='bbox 1293 506 1527 545; x_wconf 79' lang='lat' dir='ltr'>exstantes,</span> <span class='ocrx_word' id='word_1_38' title='bbox 1558 499 1667 550; x_wconf 67' lang='lat' dir='ltr'>(th.</span> <span class='ocrx_word' id='word_1_39' title='bbox 1700 501 1757 552; x_wconf 84' lang='lat'>2.)</span> 
     </span>
     <span class='ocr_line' id='line_1_6' title="bbox 85 570 1761 628; baseline -0.001 -15"><span class='ocrx_word' id='word_1_40' title='bbox 85 573 329 628; x_wconf 82' lang='lat' dir='ltr'>praesertim</span> <span class='ocrx_word' id='word_1_41' title='bbox 386 572 602 612; x_wconf 85' lang='lat' dir='ltr'>inferiores</span> <span class='ocrx_word' id='word_1_42' title='bbox 662 585 835 624; x_wconf 89' lang='lat' dir='ltr'>quorum</span> <span class='ocrx_word' id='word_1_43' title='bbox 893 570 974 609; x_wconf 87' lang='lat' dir='ltr'>duo</span> <span class='ocrx_word' id='word_1_44' title='bbox 1031 570 1160 610; x_wconf 88' lang='lat' dir='ltr'>medii</span> <span class='ocrx_word' id='word_1_45' title='bbox 1202 571 1326 625; x_wconf 87' lang='lat' dir='ltr'>paulo</span> <span class='ocrx_word' id='word_1_46' title='bbox 1383 573 1580 623; x_wconf 78' lang='lat' dir='ltr'>majores3</span> <span class='ocrx_word' id='word_1_47' title='bbox 1641 586 1761 626; x_wconf 85' lang='lat' dir='ltr'>supra</span> 
     </span>
     <span class='ocr_line' id='line_1_7' title="bbox 85 645 1760 698; baseline -0.001 -11"><span class='ocrx_word' id='word_1_48' title='bbox 85 647 302 688; x_wconf 89' lang='lat' dir='ltr'>suboctoni</span> <span class='ocrx_word' id='word_1_49' title='bbox 332 648 632 687; x_wconf 80' lang='lat' dir='ltr'>decrescentes.</span> <span class='ocrx_word' id='word_1_50' title='bbox 691 647 812 686; x_wconf 78' lang='lat' dir='ltr'>Oculi</span> <span class='ocrx_word' id='word_1_51' title='bbox 841 645 1068 698; x_wconf 80' lang='lat' dir='ltr'>majusculi.</span> <span class='ocrx_word' id='word_1_52' title='bbox 1126 646 1232 685; x_wconf 82' lang='lat' dir='ltr'>Iride</span> <span class='ocrx_word' id='word_1_53' title='bbox 1262 649 1439 686; x_wconf 82' lang='lat' dir='ltr'>aureola.</span> <span class='ocrx_word' id='word_1_54' title='bbox 1472 648 1646 685; x_wconf 79' lang='lat' dir='ltr'>Puncta</span> <span class='ocrx_word' id='word_1_55' title='bbox 1677 647 1760 686; x_wconf 81' lang='lat' dir='ltr'>duo</span> 
     </span>
     <span class='ocr_line' id='line_1_8' title="bbox 88 719 1759 777; baseline -0.001 -15"><span class='ocrx_word' id='word_1_56' title='bbox 88 733 207 762; x_wconf 73' lang='lat' dir='ltr'>acuto</span> <span class='ocrx_word' id='word_1_57' title='bbox 253 721 514 777; x_wconf 84' lang='lat' dir='ltr'>prominula,</span> <span class='ocrx_word' id='word_1_58' title='bbox 574 732 769 769; x_wconf 85' lang='lat' dir='ltr'>cutacea,</span> <span class='ocrx_word' id='word_1_59' title='bbox 826 720 936 760; x_wconf 84' lang='lat' dir='ltr'>inter</span> <span class='ocrx_word' id='word_1_60' title='bbox 975 735 1104 761; x_wconf 82' lang='lat' dir='ltr'>nares.</span> <span class='ocrx_word' id='word_1_61' title='bbox 1163 720 1366 775; x_wconf 80' lang='lat' dir='ltr'>Opercula</span> <span class='ocrx_word' id='word_1_62' title='bbox 1402 719 1510 774; x_wconf 88' lang='lat' dir='ltr'>plica</span> <span class='ocrx_word' id='word_1_63' title='bbox 1551 720 1759 774; x_wconf 83' lang='lat' dir='ltr'>subgulari</span> 
     </span>
     <span class='ocr_line' id='line_1_9' title="bbox 85 793 1759 850; baseline -0.001 -14"><span class='ocrx_word' id='word_1_64' title='bbox 85 811 274 837; x_wconf 84' lang='lat' dir='ltr'>connexa</span> <span class='ocrx_word' id='word_1_65' title='bbox 304 810 429 850; x_wconf 86' lang='lat' dir='ltr'>usque</span> <span class='ocrx_word' id='word_1_66' title='bbox 461 797 510 835; x_wconf 87' lang='lat' dir='ltr'>ad</span> <span class='ocrx_word' id='word_1_67' title='bbox 542 796 697 835; x_wconf 80' lang='lat' dir='ltr'>orbitas</span> <span class='ocrx_word' id='word_1_68' title='bbox 726 795 1013 850; x_wconf 63' lang='lat' dir='ltr'>squamfflosa,</span> <span class='ocrx_word' id='word_1_69' title='bbox 1050 794 1273 850; x_wconf 86' lang='lat' dir='ltr'>squamulis</span> <span class='ocrx_word' id='word_1_70' title='bbox 1302 794 1347 833; x_wconf 89' lang='lat' dir='ltr'>in</span> <span class='ocrx_word' id='word_1_71' title='bbox 1377 793 1553 834; x_wconf 87' lang='lat' dir='ltr'>circulos</span> <span class='ocrx_word' id='word_1_72' title='bbox 1583 795 1759 843; x_wconf 85' lang='lat' dir='ltr'>seriatis,</span> 
     </span>
     <span class='ocr_line' id='line_1_10' title="bbox 86 869 1760 925; baseline -0.001 -14"><span class='ocrx_word' id='word_1_73' title='bbox 86 871 237 925; x_wconf 82' lang='lat' dir='ltr'>angulo</span> <span class='ocrx_word' id='word_1_74' title='bbox 267 870 416 920; x_wconf 86' lang='lat' dir='ltr'>molli,</span> <span class='ocrx_word' id='word_1_75' title='bbox 466 885 544 910; x_wconf 82' lang='lat' dir='ltr'>nec</span> <span class='ocrx_word' id='word_1_76' title='bbox 573 871 752 910; x_wconf 84' lang='lat' dir='ltr'>dentata.</span> <span class='ocrx_word' id='word_1_77' title='bbox 811 870 1038 911; x_wconf 77' lang='lat' dir='ltr'>Flabellum</span> <span class='ocrx_word' id='word_1_78' title='bbox 1068 869 1307 911; x_wconf 86' lang='lat' dir='ltr'>branchiale</span> <span class='ocrx_word' id='word_1_79' title='bbox 1338 885 1509 924; x_wconf 87' lang='lat' dir='ltr'>parvum</span> <span class='ocrx_word' id='word_1_80' title='bbox 1540 871 1612 910; x_wconf 86' lang='lat' dir='ltr'>sub</span> <span class='ocrx_word' id='word_1_81' title='bbox 1643 885 1760 925; x_wconf 88' lang='lat' dir='ltr'>oper-</span> 
     </span>
     <span class='ocr_line' id='line_1_11' title="bbox 86 944 1760 1000; baseline -0.001 -14"><span class='ocrx_word' id='word_1_82' title='bbox 86 946 190 986; x_wconf 84' lang='lat' dir='ltr'>culis</span> <span class='ocrx_word' id='word_1_83' title='bbox 218 946 376 995; x_wconf 87' lang='lat' dir='ltr'>latens,</span> <span class='ocrx_word' id='word_1_84' title='bbox 426 945 641 994; x_wconf 81' lang='lat' dir='ltr'>strictum,</span> <span class='ocrx_word' id='word_1_85' title='bbox 684 944 1043 1000; x_wconf 79' lang='lat' dir='ltr'>quadriadiatun1‚</span> <span class='ocrx_word' id='word_1_86' title='bbox 1082 945 1208 985; x_wconf 82' lang='lat' dir='ltr'>radiis</span> <span class='ocrx_word' id='word_1_87' title='bbox 1238 944 1433 985; x_wconf 84' lang='lat' dir='ltr'>exilibus.</span> <span class='ocrx_word' id='word_1_88' title='bbox 1492 946 1648 998; x_wconf 77' lang='lat' dir='ltr'>Corpus</span> <span class='ocrx_word' id='word_1_89' title='bbox 1675 945 1760 984; x_wconf 86' lang='lat' dir='ltr'>lan·</span> 
     </span>
     <span class='ocr_line' id='line_1_12' title="bbox 86 1019 1759 1075; baseline -0.001 -15"><span class='ocrx_word' id='word_1_90' title='bbox 86 1020 318 1069; x_wconf 80' lang='lat' dir='ltr'>ceolatum,</span> <span class='ocrx_word' id='word_1_91' title='bbox 350 1034 653 1074; x_wconf 83' lang='lat' dir='ltr'>compressum,</span> <span class='ocrx_word' id='word_1_92' title='bbox 694 1021 814 1060; x_wconf 87' lang='lat' dir='ltr'>dorso</span> <span class='ocrx_word' id='word_1_93' title='bbox 845 1031 939 1060; x_wconf 87' lang='lat' dir='ltr'>ante</span> <span class='ocrx_word' id='word_1_94' title='bbox 968 1020 1138 1075; x_wconf 87' lang='lat' dir='ltr'>pinnam</span> <span class='ocrx_word' id='word_1_95' title='bbox 1167 1019 1426 1059; x_wconf 83' lang='lat' dir='ltr'>subcarinato</span> <span class='ocrx_word' id='word_1_96' title='bbox 1458 1022 1549 1072; x_wconf 87' lang='lat' dir='ltr'>(D.)</span> <span class='ocrx_word' id='word_1_97' title='bbox 1580 1025 1759 1075; x_wconf 79' lang='lat' dir='ltr'>squamis</span> 
     </span>
     <span class='ocr_line' id='line_1_13' title="bbox 87 1093 1758 1149; baseline -0.001 -14"><span class='ocrx_word' id='word_1_98' title='bbox 87 1095 285 1135; x_wconf 83' lang='lat' dir='ltr'>confertis</span> <span class='ocrx_word' id='word_1_99' title='bbox 320 1094 585 1140; x_wconf 81' lang='lat' dir='ltr'>minusculis,</span> <span class='ocrx_word' id='word_1_100' title='bbox 627 1109 708 1134; x_wconf 90' lang='lat' dir='ltr'>non</span> <span class='ocrx_word' id='word_1_101' title='bbox 753 1095 937 1149; x_wconf 79' lang='lat' dir='ltr'>perfecta</span> <span class='ocrx_word' id='word_1_102' title='bbox 977 1095 1206 1134; x_wconf 82' lang='lat' dir='ltr'>rotundatis</span> <span class='ocrx_word' id='word_1_103' title='bbox 1251 1093 1434 1147; x_wconf 82' lang='lat' dir='ltr'>margine</span> <span class='ocrx_word' id='word_1_104' title='bbox 1476 1093 1758 1143; x_wconf 83' lang='lat' dir='ltr'>denticulatis,</span> 
     </span>
     <span class='ocr_line' id='line_1_14' title="bbox 87 1167 1759 1224; baseline 0 -15"><span class='ocrx_word' id='word_1_105' title='bbox 87 1169 402 1224; x_wconf 81' lang='lat' dir='ltr'>asperiusculis,</span> <span class='ocrx_word' id='word_1_106' title='bbox 450 1182 524 1224; x_wconf 84' lang='lat' dir='ltr'>per</span> <span class='ocrx_word' id='word_1_107' title='bbox 562 1169 686 1209; x_wconf 80' lang='lat' dir='ltr'>series</span> <span class='ocrx_word' id='word_1_108' title='bbox 727 1169 1053 1223; x_wconf 82' lang='lat' dir='ltr'>longitudinales</span> <span class='ocrx_word' id='word_1_109' title='bbox 1094 1168 1319 1223; x_wconf 84' lang='lat' dir='ltr'>dispositis.</span> <span class='ocrx_word' id='word_1_110' title='bbox 1389 1169 1536 1209; x_wconf 76' lang='lat' dir='ltr'>Sutura</span> <span class='ocrx_word' id='word_1_111' title='bbox 1575 1167 1759 1209; x_wconf 84' lang='lat' dir='ltr'>lateralis</span> 
     </span>
     <span class='ocr_line' id='line_1_15' title="bbox 86 1243 1757 1300; baseline -0.001 -16"><span class='ocrx_word' id='word_1_112' title='bbox 86 1259 161 1300; x_wconf 87' lang='lat' dir='ltr'>per</span> <span class='ocrx_word' id='word_1_113' title='bbox 190 1255 319 1284; x_wconf 87' lang='lat' dir='ltr'>totam</span> <span class='ocrx_word' id='word_1_114' title='bbox 348 1244 654 1298; x_wconf 81' lang='lat' dir='ltr'>longitudinem</span> <span class='ocrx_word' id='word_1_115' title='bbox 685 1245 806 1283; x_wconf 88' lang='lat' dir='ltr'>dorso</span> <span class='ocrx_word' id='word_1_116' title='bbox 837 1243 1008 1297; x_wconf 86' lang='lat' dir='ltr'>propior</span> <span class='ocrx_word' id='word_1_117' title='bbox 1036 1255 1077 1283; x_wconf 88' lang='lat' dir='ltr'>et</span> <span class='ocrx_word' id='word_1_118' title='bbox 1104 1243 1300 1297; x_wconf 80' lang='lat' dir='ltr'>parallela</span> <span class='ocrx_word' id='word_1_119' title='bbox 1320 1273 1331 1291; x_wconf 91' lang='lat'>‚</span> <span class='ocrx_word' id='word_1_120' title='bbox 1368 1243 1491 1282; x_wconf 86' lang='lat' dir='ltr'>valde</span> <span class='ocrx_word' id='word_1_121' title='bbox 1522 1243 1757 1298; x_wconf 84' lang='lat' dir='ltr'>conspicua,</span> 
     </span>
     <span class='ocr_line' id='line_1_16' title="bbox 86 1317 1758 1375; baseline -0.001 -16"><span class='ocrx_word' id='word_1_122' title='bbox 86 1319 197 1375; x_wconf 84' lang='lat' dir='ltr'>poris</span> <span class='ocrx_word' id='word_1_123' title='bbox 226 1318 270 1358; x_wconf 90' lang='lat' dir='ltr'>in</span> <span class='ocrx_word' id='word_1_124' title='bbox 299 1318 459 1371; x_wconf 77' lang='lat' dir='ltr'>singula</span> <span class='ocrx_word' id='word_1_125' title='bbox 490 1318 706 1371; x_wconf 85' lang='lat' dir='ltr'>squamula</span> <span class='ocrx_word' id='word_1_126' title='bbox 734 1318 844 1357; x_wconf 86' lang='lat' dir='ltr'>binis</span> <span class='ocrx_word' id='word_1_127' title='bbox 875 1329 1040 1366; x_wconf 76' lang='lat' dir='ltr'>notata,</span> <span class='ocrx_word' id='word_1_128' title='bbox 1072 1329 1114 1356; x_wconf 91' lang='lat' dir='ltr'>et</span> <span class='ocrx_word' id='word_1_129' title='bbox 1142 1320 1188 1355; x_wconf 84' lang='lat' dir='ltr'>in</span> <span class='ocrx_word' id='word_1_130' title='bbox 1217 1331 1321 1371; x_wconf 80' lang='lat' dir='ltr'>aqua</span> <span class='ocrx_word' id='word_1_131' title='bbox 1350 1317 1565 1357; x_wconf 76' lang='lat' dir='ltr'>catenulae</span> <span class='ocrx_word' id='word_1_132' title='bbox 1595 1317 1758 1357; x_wconf 84' lang='lat' dir='ltr'>similis.</span> 
     </span>
     <span class='ocr_line' id='line_1_17' title="bbox 87 1391 1758 1448; baseline -0.001 -15"><span class='ocrx_word' id='word_1_133' title='bbox 87 1396 236 1434; x_wconf 77' lang='lat' dir='ltr'>Pinnae</span> <span class='ocrx_word' id='word_1_134' title='bbox 266 1396 488 1448; x_wconf 75' lang='lat' dir='ltr'>pectorales</span> <span class='ocrx_word' id='word_1_135' title='bbox 518 1393 784 1443; x_wconf 77' lang='lat' dir='ltr'>nmjusculae,</span> <span class='ocrx_word' id='word_1_136' title='bbox 817 1391 1159 1447; x_wconf 78' lang='lat' dir='ltr'>subpellucidae,</span> <span class='ocrx_word' id='word_1_137' title='bbox 1189 1402 1314 1431; x_wconf 78' lang='lat' dir='ltr'>ovato</span> <span class='ocrx_word' id='word_1_138' title='bbox 1342 1402 1507 1441; x_wconf 81' lang='lat' dir='ltr'>acutae,</span> <span class='ocrx_word' id='word_1_139' title='bbox 1536 1392 1661 1432; x_wconf 84' lang='lat' dir='ltr'>radiis</span> <span class='ocrx_word' id='word_1_140' title='bbox 1697 1399 1758 1433; x_wconf 73' lang='lat'>16.</span> 
     </span>
     <span class='ocr_line' id='line_1_18' title="bbox 86 1466 1760 1522; baseline -0.001 -14"><span class='ocrx_word' id='word_1_141' title='bbox 86 1468 306 1515; x_wconf 75' lang='lat' dir='ltr'>fissilibus,</span> <span class='ocrx_word' id='word_1_142' title='bbox 364 1482 536 1521; x_wconf 83' lang='lat' dir='ltr'>quorum</span> <span class='ocrx_word' id='word_1_143' title='bbox 578 1466 733 1521; x_wconf 86' lang='lat' dir='ltr'>primus</span> <span class='ocrx_word' id='word_1_144' title='bbox 775 1467 982 1522; x_wconf 81' lang='lat' dir='ltr'>simplex,</span> <span class='ocrx_word' id='word_1_145' title='bbox 1039 1466 1204 1506; x_wconf 82' lang='lat' dir='ltr'>flexilis.</span> <span class='ocrx_word' id='word_1_146' title='bbox 1264 1467 1416 1506; x_wconf 83' lang='lat' dir='ltr'>Pinnae</span> <span class='ocrx_word' id='word_1_147' title='bbox 1442 1471 1639 1508; x_wconf 78' lang='lat' dir='ltr'>ventrales</span> <span class='ocrx_word' id='word_1_148' title='bbox 1665 1467 1760 1507; x_wconf 85' lang='lat' dir='ltr'>lon-</span> 
     </span>
     <span class='ocr_line' id='line_1_19' title="bbox 88 1541 1760 1598; baseline 0 -16"><span class='ocrx_word' id='word_1_149' title='bbox 88 1543 323 1598; x_wconf 85' lang='lat' dir='ltr'>giusculae,</span> <span class='ocrx_word' id='word_1_150' title='bbox 352 1541 677 1581; x_wconf 80' lang='lat' dir='ltr'>coerulescenti-</span> <span class='ocrx_word' id='word_1_151' title='bbox 695 1544 857 1590; x_wconf 77' lang='lat' dir='ltr'>fascae,</span> <span class='ocrx_word' id='word_1_152' title='bbox 895 1557 968 1581; x_wconf 80' lang='lat' dir='ltr'>sex</span> <span class='ocrx_word' id='word_1_153' title='bbox 996 1541 1202 1590; x_wconf 82' lang='lat' dir='ltr'>radiatae,</span> <span class='ocrx_word' id='word_1_154' title='bbox 1243 1557 1415 1596; x_wconf 82' lang='lat' dir='ltr'>quorum</span> <span class='ocrx_word' id='word_1_155' title='bbox 1446 1542 1625 1597; x_wconf 86' lang='lat' dir='ltr'>primus,</span> <span class='ocrx_word' id='word_1_156' title='bbox 1669 1544 1760 1583; x_wconf 87' lang='lat' dir='ltr'>sub-</span> 
     </span>
     <span class='ocr_line' id='line_1_20' title="bbox 88 1614 1761 1672; baseline -0.001 -15"><span class='ocrx_word' id='word_1_157' title='bbox 88 1618 349 1672; x_wconf 77' lang='lat' dir='ltr'>spinescens,</span> <span class='ocrx_word' id='word_1_158' title='bbox 392 1614 436 1654; x_wconf 86' lang='lat' dir='ltr'>in</span> <span class='ocrx_word' id='word_1_159' title='bbox 477 1616 640 1655; x_wconf 87' lang='lat' dir='ltr'>foveola</span> <span class='ocrx_word' id='word_1_160' title='bbox 683 1617 918 1656; x_wconf 75' lang='lat' dir='ltr'>abdominis</span> <span class='ocrx_word' id='word_1_161' title='bbox 963 1616 1205 1671; x_wconf 84' lang='lat' dir='ltr'>repostiles3</span> <span class='ocrx_word' id='word_1_162' title='bbox 1250 1628 1290 1655; x_wconf 87' lang='lat' dir='ltr'>at</span> <span class='ocrx_word' id='word_1_163' title='bbox 1319 1621 1529 1671; x_wconf 78' lang='lat' dir='ltr'>squamalo</span> <span class='ocrx_word' id='word_1_164' title='bbox 1560 1617 1761 1664; x_wconf 69' lang='lat' dir='ltr'>subtilat-a,</span> 
     </span>
     <span class='ocr_line' id='line_1_21' title="bbox 88 1689 1760 1746; baseline -0.001 -14"><span class='ocrx_word' id='word_1_165' title='bbox 88 1691 394 1745; x_wconf 72' lang='lat' dir='ltr'>subtriquetra,</span> <span class='ocrx_word' id='word_1_166' title='bbox 441 1690 624 1730; x_wconf 84' lang='lat' dir='ltr'>exterius</span> <span class='ocrx_word' id='word_1_167' title='bbox 666 1689 859 1745; x_wconf 87' lang='lat' dir='ltr'>utrinque</span> <span class='ocrx_word' id='word_1_168' title='bbox 904 1691 1055 1745; x_wconf 86' lang='lat' dir='ltr'>pinnae</span> <span class='ocrx_word' id='word_1_169' title='bbox 1097 1692 1294 1737; x_wconf 82' lang='lat' dir='ltr'>accubat,</span> <span class='ocrx_word' id='word_1_170' title='bbox 1337 1702 1378 1730; x_wconf 87' lang='lat' dir='ltr'>et</span> <span class='ocrx_word' id='word_1_171' title='bbox 1407 1691 1515 1730; x_wconf 82' lang='lat' dir='ltr'>inter</span> <span class='ocrx_word' id='word_1_172' title='bbox 1545 1702 1760 1746; x_wconf 84' lang='lat' dir='ltr'>utramque</span> 
     </span>
     <span class='ocr_line' id='line_1_22' title="bbox 88 1765 1761 1822; baseline 0.001 -17"><span class='ocrx_word' id='word_1_173' title='bbox 88 1767 257 1822; x_wconf 85' lang='lat' dir='ltr'>pinnam</span> <span class='ocrx_word' id='word_1_174' title='bbox 273 1781 443 1820; x_wconf 80' lang='lat' dir='ltr'>squama</span> <span class='ocrx_word' id='word_1_175' title='bbox 460 1765 539 1805; x_wconf 88' lang='lat' dir='ltr'>alia</span> <span class='ocrx_word' id='word_1_176' title='bbox 554 1765 689 1819; x_wconf 80' lang='lat' dir='ltr'>plana,</span> <span class='ocrx_word' id='word_1_177' title='bbox 723 1765 957 1805; x_wconf 81' lang='lat' dir='ltr'>acuminata</span> <span class='ocrx_word' id='word_1_178' title='bbox 981 1767 1090 1818; x_wconf 70' lang='lat' dir='ltr'>(th.</span> <span class='ocrx_word' id='word_1_179' title='bbox 1112 1782 1142 1804; x_wconf 84' lang='lat'>1.</span> <span class='ocrx_word' id='word_1_180' title='bbox 1164 1783 1196 1804; x_wconf 84' lang='lat'>2.</span> <span class='ocrx_word' id='word_1_181' title='bbox 1219 1767 1301 1818; x_wconf 75' lang='lat' dir='ltr'>R).</span> <span class='ocrx_word' id='word_1_182' title='bbox 1333 1767 1372 1804; x_wconf 88' lang='grc' dir='ltr'>Ρ.</span> <span class='ocrx_word' id='word_1_183' title='bbox 1392 1771 1458 1805; x_wconf 82' lang='lat' dir='ltr'>am&#39;</span> <span class='ocrx_word' id='word_1_184' title='bbox 1475 1765 1761 1806; x_wconf 86' lang='lat' dir='ltr'>duodecimra-</span> 
     </span>
     <span class='ocr_line' id='line_1_23' title="bbox 89 1839 1761 1895; baseline 0 -13"><span class='ocrx_word' id='word_1_185' title='bbox 89 1841 216 1886; x_wconf 75' lang='lat' dir='ltr'>diam,</span> <span class='ocrx_word' id='word_1_186' title='bbox 247 1839 377 1880; x_wconf 82' lang='lat' dir='ltr'>tribus</span> <span class='ocrx_word' id='word_1_187' title='bbox 390 1840 536 1895; x_wconf 81' lang='lat' dir='ltr'>primis</span> <span class='ocrx_word' id='word_1_188' title='bbox 552 1840 894 1894; x_wconf 84' lang='lat' dir='ltr'>spinescentibus‚</span> <span class='ocrx_word' id='word_1_189' title='bbox 927 1840 1317 1894; x_wconf 77' lang='lat' dir='ltr'>cyaneo-nebulosa,</span> <span class='ocrx_word' id='word_1_190' title='bbox 1343 1839 1602 1894; x_wconf 83' lang='lat' dir='ltr'>subhyalina.</span> <span class='ocrx_word' id='word_1_191' title='bbox 1633 1842 1761 1882; x_wconf 80' lang='lat' dir='ltr'>Pinna</span> 
     </span>
     <span class='ocr_line' id='line_1_24' title="bbox 89 1914 1759 1970; baseline 0 -13"><span class='ocrx_word' id='word_1_192' title='bbox 89 1914 401 1957; x_wconf 72' lang='lat' dir='ltr'>dorsicontinua</span> <span class='ocrx_word' id='word_1_193' title='bbox 412 1915 654 1961; x_wconf 78' lang='lat' dir='ltr'>fuscescens,</span> <span class='ocrx_word' id='word_1_194' title='bbox 666 1914 1042 1968; x_wconf 60' lang='lat' dir='ltr'>cyaneo&gt;nebulosa</span> <span class='ocrx_word' id='word_1_195' title='bbox 1058 1926 1098 1953; x_wconf 90' lang='lat' dir='ltr'>et</span> <span class='ocrx_word' id='word_1_196' title='bbox 1114 1914 1286 1961; x_wconf 81' lang='lat' dir='ltr'>varians,</span> <span class='ocrx_word' id='word_1_197' title='bbox 1302 1914 1345 1953; x_wconf 84' lang='lat' dir='ltr'>in</span> <span class='ocrx_word' id='word_1_198' title='bbox 1362 1916 1473 1954; x_wconf 87' lang='lat' dir='ltr'>sulco</span> <span class='ocrx_word' id='word_1_199' title='bbox 1490 1914 1600 1954; x_wconf 80' lang='lat' dir='ltr'>dorsi</span> <span class='ocrx_word' id='word_1_200' title='bbox 1617 1928 1759 1970; x_wconf 79' lang='lat' dir='ltr'>arguto</span> 
     </span>
     <span class='ocr_line' id='line_1_25' title="bbox 88 1989 1757 2044; baseline 0.001 -14"><span class='ocrx_word' id='word_1_201' title='bbox 88 1990 356 2036; x_wconf 65' lang='lat' dir='ltr'>remmbens,</span> <span class='ocrx_word' id='word_1_202' title='bbox 389 1990 595 2029; x_wconf 73' lang='lat' dir='ltr'>radiorum</span> <span class='ocrx_word' id='word_1_203' title='bbox 625 2007 686 2030; x_wconf 76' lang='lat'>22.</span> <span class='ocrx_word' id='word_1_204' title='bbox 716 2004 888 2042; x_wconf 87' lang='lat' dir='ltr'>quorum</span> <span class='ocrx_word' id='word_1_205' title='bbox 907 1989 1063 2044; x_wconf 81' lang='lat' dir='ltr'>priores</span> <span class='ocrx_word' id='word_1_206' title='bbox 1084 1989 1277 2029; x_wconf 76' lang='lat' dir='ltr'>undecim</span> <span class='ocrx_word' id='word_1_207' title='bbox 1304 1989 1477 2044; x_wconf 80' lang='lat' dir='ltr'>spinosi,</span> <span class='ocrx_word' id='word_1_208' title='bbox 1507 1991 1578 2030; x_wconf 77' lang='lat' dir='ltr'>sed</span> <span class='ocrx_word' id='word_1_209' title='bbox 1600 2001 1757 2041; x_wconf 74' lang='lat' dir='ltr'>tenues,</span> 
     </span>
     <span class='ocr_line' id='line_1_26' title="bbox 88 2061 1758 2118; baseline 0.001 -14"><span class='ocrx_word' id='word_1_210' title='bbox 88 2062 241 2116; x_wconf 63' lang='lat' dir='ltr'>reliqui</span> <span class='ocrx_word' id='word_1_211' title='bbox 262 2061 468 2103; x_wconf 81' lang='lat' dir='ltr'>multifidi.</span> <span class='ocrx_word' id='word_1_212' title='bbox 492 2064 718 2103; x_wconf 82' lang='lat' dir='ltr'>Radiorum</span> <span class='ocrx_word' id='word_1_213' title='bbox 735 2079 925 2103; x_wconf 82' lang='lat' dir='ltr'>numerus</span> <span class='ocrx_word' id='word_1_214' title='bbox 942 2064 984 2103; x_wconf 85' lang='lat' dir='ltr'>in</span> <span class='ocrx_word' id='word_1_215' title='bbox 1002 2064 1228 2103; x_wconf 85' lang='lat' dir='ltr'>numerosis</span> <span class='ocrx_word' id='word_1_216' title='bbox 1244 2064 1540 2118; x_wconf 76' lang='lat' dir='ltr'>speciminibus</span> <span class='ocrx_word' id='word_1_217' title='bbox 1554 2077 1758 2110; x_wconf 82' lang='lat' dir='ltr'>constans.</span> 
     </span>
     <span class='ocr_line' id='line_1_27' title="bbox 91 2138 1758 2193; baseline 0.001 -15"><span class='ocrx_word' id='word_1_218' title='bbox 91 2139 233 2180; x_wconf 74' lang='lat' dir='ltr'>Cauda</span> <span class='ocrx_word' id='word_1_219' title='bbox 266 2138 444 2186; x_wconf 80' lang='lat' dir='ltr'>furcata,</span> <span class='ocrx_word' id='word_1_220' title='bbox 476 2141 684 2178; x_wconf 60' lang='lat' dir='ltr'>rathorum</span> <span class='ocrx_word' id='word_1_221' title='bbox 719 2156 780 2178; x_wconf 83' lang='lat'>20.</span> <span class='ocrx_word' id='word_1_222' title='bbox 842 2140 963 2178; x_wconf 80' lang='lat' dir='ltr'>Color</span> <span class='ocrx_word' id='word_1_223' title='bbox 991 2139 1117 2178; x_wconf 75' lang='lat' dir='ltr'>totius</span> <span class='ocrx_word' id='word_1_224' title='bbox 1152 2139 1333 2193; x_wconf 82' lang='lat' dir='ltr'>corporis</span> <span class='ocrx_word' id='word_1_225' title='bbox 1364 2139 1615 2193; x_wconf 80' lang='lat' dir='ltr'>splendidus,</span> <span class='ocrx_word' id='word_1_226' title='bbox 1647 2157 1758 2181; x_wconf 74' lang='lat' dir='ltr'>aura-</span> 
     </span>
     <span class='ocr_line' id='line_1_28' title="bbox 87 2211 1758 2272; baseline 0.002 -19"><span class='ocrx_word' id='word_1_227' title='bbox 87 2226 180 2259; x_wconf 87' lang='lat' dir='ltr'>tus,</span> <span class='ocrx_word' id='word_1_228' title='bbox 210 2212 347 2252; x_wconf 72' lang='lat' dir='ltr'>subtus</span> <span class='ocrx_word' id='word_1_229' title='bbox 375 2211 417 2250; x_wconf 84' lang='lat' dir='ltr'>in</span> <span class='ocrx_word' id='word_1_230' title='bbox 450 2224 686 2265; x_wconf 81' lang='lat' dir='ltr'>argenteum</span> <span class='ocrx_word' id='word_1_231' title='bbox 722 2214 975 2267; x_wconf 81' lang='lat' dir='ltr'>pallescens.</span> <span class='ocrx_word' id='word_1_232' title='bbox 1022 2215 1141 2253; x_wconf 84' lang='lat' dir='ltr'>dorso</span> <span class='ocrx_word' id='word_1_233' title='bbox 1172 2229 1316 2268; x_wconf 65' lang='lat' dir='ltr'>parum</span> <span class='ocrx_word' id='word_1_234' title='bbox 1344 2214 1598 2263; x_wconf 77' lang='lat' dir='ltr'>fuscescens,</span> <span class='ocrx_word' id='word_1_235' title='bbox 1631 2220 1758 2272; x_wconf 80' lang='lat' dir='ltr'>junio·</span> 
     </span>
     <span class='ocr_line' id='line_1_29' title="bbox 88 2286 1759 2343; baseline 0.002 -15"><span class='ocrx_word' id='word_1_236' title='bbox 88 2288 197 2328; x_wconf 79' lang='lat' dir='ltr'>ribus</span> <span class='ocrx_word' id='word_1_237' title='bbox 226 2287 319 2340; x_wconf 75' lang='lat' dir='ltr'>(fig.</span> <span class='ocrx_word' id='word_1_238' title='bbox 352 2291 411 2340; x_wconf 78' lang='grc'>4.)</span> <span class='ocrx_word' id='word_1_239' title='bbox 443 2286 759 2334; x_wconf 72' lang='lat' dir='ltr'>suluniformis3</span> <span class='ocrx_word' id='word_1_240' title='bbox 820 2291 1006 2343; x_wconf 77' lang='lat' dir='ltr'>perfectis</span> <span class='ocrx_word' id='word_1_241' title='bbox 1041 2287 1178 2342; x_wconf 70' lang='lat' dir='ltr'>strigis</span> <span class='ocrx_word' id='word_1_242' title='bbox 1209 2289 1383 2327; x_wconf 63' lang='lat' dir='ltr'>laterum</span> <span class='ocrx_word' id='word_1_243' title='bbox 1413 2289 1602 2343; x_wconf 83' lang='lat' dir='ltr'>utrinque</span> <span class='ocrx_word' id='word_1_244' title='bbox 1631 2292 1759 2334; x_wconf 76' lang='lat' dir='ltr'>ternis</span> 
     </span>
    </p>
   </div>
   <div class='ocr_carea' id='block_1_3' title="bbox 90 2361 1761 2419">
    <p class='ocr_par' dir='ltr' id='par_1_3' title="bbox 90 2361 1761 2419">
     <span class='ocr_line' id='line_1_30' title="bbox 90 2361 1761 2419; baseline 0.003 -16"><span class='ocrx_word' id='word_1_245' title='bbox 90 2361 327 2412; x_wconf 82' lang='lat' dir='ltr'>continuis,</span> <span class='ocrx_word' id='word_1_246' title='bbox 382 2361 581 2417; x_wconf 73' lang='lat' dir='ltr'>integri5‚</span> <span class='ocrx_word' id='word_1_247' title='bbox 639 2373 681 2402; x_wconf 85' lang='lat' dir='ltr'>et</span> <span class='ocrx_word' id='word_1_248' title='bbox 722 2373 867 2416; x_wconf 79' lang='lat' dir='ltr'>quarta</span> <span class='ocrx_word' id='word_1_249' title='bbox 907 2363 1141 2419; x_wconf 79' lang='lat' dir='ltr'>superiore,</span> <span class='ocrx_word' id='word_1_250' title='bbox 1184 2363 1296 2404; x_wconf 81' lang='lat' dir='ltr'>circa</span> <span class='ocrx_word' id='word_1_251' title='bbox 1331 2375 1511 2404; x_wconf 74' lang='lat' dir='ltr'>suturam</span> <span class='ocrx_word' id='word_1_252' title='bbox 1545 2365 1761 2409; x_wconf 76' lang='lat' dir='ltr'>lateralem</span> 
     </span>
    </p>
   </div>
  </div>
 </body>
</html>
