2185 2890
349 173 407 215 54
1115 168 1259 192 Ξ

460 271 633 314 Rossice
663 270 793 324 vulgo
823 267 1063 325 Mjedaenha
1093 263 1142 318 (i.
1173 278 1210 304 e.
1243 267 1428 320 cuprea).

462 345 633 387 Livonis
662 346 839 384 Paema-
861 358 908 384 us
937 342 1004 381 vel
1040 341 1223 380 lVaskur.

493 419 737 463 Communis
781 433 856 475 per
897 417 1109 459 borealem
1149 414 1340 456 Rossiam
1385 416 1493 455 fama
1532 425 1594 455 est
1623 412 1733 456 hanc
1762 414 1961 471 Viperam
1990 416 2036 457 in

356 496 538 540 salicetis
568 507 608 536 et
638 496 748 536 circa
782 509 904 550 aquas
934 490 1117 532 inveniri
1147 502 1189 531 et
1216 507 1353 533 morsu
1389 505 1475 531 esse
1505 490 1846 532 nocentissimam
1863 509 1872 541 3
1929 491 2037 532 mihi

357 588 457 613 vero
486 586 577 612 eam
609 570 751 612 videre
788 583 998 624 nunquam
1027 566 1216 622 contigit.

781 785 982 836 Genus
1033 787 1093 838 V.
1162 786 1205 836 A
1240 786 1298 837 N
1332 786 1378 837 G
1417 787 1460 838 V
1498 786 1536 836 E
1573 785 1618 836 S.

502 1024 811 1080 Anphisbaenas
842 1033 881 1062 et
904 1024 1091 1077 Scytales
1120 1038 1149 1062 s.
1168 1020 1375 1062 Caecilias
1399 1025 1538 1062 Fauna
1568 1032 1706 1062 nostra
1735 1022 1869 1062 nullas
1900 1021 2041 1071 habet,

366 1115 590 1156 perpaucas
631 1098 756 1140 etiam
790 1098 1003 1154 Anguium
1032 1096 1191 1154 specics
1223 1108 1264 1137 et
1294 1096 1375 1137 hae
1405 1111 1570 1153 quoque
1601 1096 1832 1136 rarissimae
1863 1098 2043 1136 offerun-

369 1188 454 1226 tur,
500 1191 576 1216 nec
604 1174 687 1214 nisi
716 1173 761 1213 111
790 1173 1122 1221 australioribus3
1179 1171 1302 1212 unica
1331 1184 1512 1222 tantum,
1570 1171 1686 1212 omni
1716 1175 1904 1227 Europae
1935 1186 2045 1212 com-

370 1249 527 1299 munis,
585 1264 606 1288 a
650 1248 881 1288 borealiore
924 1248 1091 1288 climate
1134 1261 1217 1285 11011
1263 1246 1472 1287 abhorret.
1549 1252 1597 1286 111
1642 1246 1794 1287 Sibiria
1825 1258 1964 1287 autem
1993 1260 2045 1287 ne

372 1324 538 1364 unicam
568 1321 739 1379 quidem
769 1322 927 1377 Anguis
957 1321 1142 1377 speciem
1171 1320 1359 1362 invenire
1388 1320 1523 1362 licuit.

814 1458 890 1499 52.
966 1456 1007 1497 A
1029 1454 1129 1497 NG
1151 1456 1276 1498 UIS
1351 1456 1609 1498 milictris.

513 1550 565 1587 A.
596 1548 727 1597 fusca,
761 1562 1020 1603 squamarum
1050 1548 1197 1603 sparsis
1225 1547 1389 1604 punctis
1418 1547 1600 1603 pallidis.

592 1622 754 1676 Anguis
795 1622 989 1672 miliaris,
1047 1624 1152 1664 Pall.
1183 1629 1270 1664 itin.
1300 1626 1353 1664 II.
1385 1641 1424 1679 p.
1457 1630 1547 1677 718.
1603 1623 1770 1664 Gmelin.
1812 1633 1915 1677 ςγδι.
1958 1626 2046 1665 Lin.

652 1700 727 1737 ΙΠ.
759 1715 796 1753 p.
834 1715 947 1738 1120.

518 1777 646 1814 Lecta
687 1773 766 1813 fuit
809 1775 939 1814 semel
983 1774 1188 1814 iterumve
1230 1774 1275 1814 in
1319 1773 1562 1814 australibus
1606 1774 1658 1813 ad
1699 1788 1811 1813 mare
1851 1773 2049 1829 caspium.

382 1852 638 1890 Gmelinus
678 1848 806 1889 etiam
847 1862 869 1887 6
911 1849 1050 1888 Persia
1093 1849 1207 1889 misit
1246 1847 1471 1903 specimen.
1531 1847 1868 1903 Descriptionem
1899 1847 2051 1889 videsis

383 1929 460 1967 loc.
491 1929 558 1965 cit.

689 2038 767 2079 53.
844 2036 884 2078 A
907 2036 945 2077 N
965 2036 1004 2078 G
1027 2037 1066 2078 U
1088 2037 1105 2077 I
1125 2036 1151 2077 S
1227 2036 1424 2078 helluo,
1481 2035 1611 2077 TAB.
1662 2035 1757 2077 VII.

525 2150 577 2188 A.
608 2147 918 2204 microcephala
948 2147 1123 2204 pallida,
1155 2148 1319 2204 punctis
1349 2147 1495 2203 sparsis
1523 2147 1661 2188 fuscis.

526 2222 661 2262 Etiam
693 2223 801 2263 hanc
832 2239 854 2264 e
884 2223 1024 2279 caspio
1056 2225 1218 2264 deserto
1249 2222 1409 2274 habeo,
1455 2222 1527 2263 ubi
1556 2234 1696 2263 tamen
1724 2221 1930 2262 rarissime
1959 2222 2059 2262 visa.

391 2294 630 2337 Voracitate
660 2296 857 2354 insignis,
896 2299 968 2338 vix
1001 2298 1222 2339 credibili:
1266 2314 1391 2354 quum
1421 2299 1532 2339 enim
1566 2297 1750 2339 crassitie
1780 2296 1852 2337 vix
1883 2296 2061 2351 digitum

395 2370 616 2412 minimum
656 2385 822 2428 superet
861 2385 902 2415 et
944 2386 1067 2431 caput
1107 2389 1243 2430 ungue
1284 2375 1436 2417 indicis
1477 2373 1590 2415 haud
1635 2373 1688 2414 sit
1717 2375 1872 2428 majus,
1920 2383 2061 2412 tamen
