2185 2890
419 160 513 203 268
1177 181 1321 189 --—-

560 272 730 312 Descr.
789 267 968 309 Maximi
1010 268 1254 309 dodrantem
1293 279 1376 308 non
1417 277 1615 323 aequant3
1662 270 1803 321 forma
1839 269 2085 324 cyprinacea

424 345 1031 401 cathetoplateo-lanceolata‚
1076 345 1197 383 dorso
1236 358 1374 383 versus
1410 342 1581 399 pinnam
1621 356 1738 384 acute
1772 343 1967 386 carinato.
2027 348 2086 388 Os

422 421 649 469 labiatum,
696 424 877 461 maxillis
918 418 1181 474 aequalibus,
1227 418 1420 458 minutim
1458 429 1500 458 et
1535 418 1768 458 acutissime
1806 419 2087 470 denticulatis,

423 496 618 536 dentibus
647 512 766 552 supra
792 494 835 535 in
868 494 1005 535 medio
1035 493 1159 548 paulo
1188 493 1421 546 majoribus.
1482 495 1589 547 (Fig.
1622 494 1679 545 b.)
1709 494 1833 533 [rides
1862 493 1989 534 viridi
2018 511 2087 535 au-

421 581 546 611 ratae.
605 571 806 625 Opercula
839 568 1131 610 branchiarum
1167 567 1268 608 hinc
1305 567 1404 608 inde
1433 568 1714 623 squamulosa,
1756 583 1893 608 versus
1922 571 2087 611 dorsum

422 646 574 700 angulo
605 646 850 696 subbilobo,
902 645 1080 686 ocellato
1117 643 1351 698 prominula
1391 644 1530 683 subtus
1560 642 1822 683 transversim
1852 644 1963 698 pelle
1994 659 2087 685 coa-

421 721 593 768 dunata3
625 724 777 761 lamina
807 719 1058 761 subocularis
1088 718 1309 758 crenulata.
1368 718 1553 758 Flabella
1581 717 1841 758 branchialia
1869 720 1942 758 sub
1971 735 2087 775 oper-

418 795 522 834 culis
566 795 765 845 latentia,
810 795 1088 835 trilamellata.
1162 794 1329 833 Macula
1372 796 1556 833 ocellaris
1598 792 1798 846 insigniS,
1844 793 1976 833 ovalis
2019 796 2089 835 vel

416 867 659 916 rhombica,
701 871 895 925 obliqua,
951 870 1276 910 coeruleo-atra
1319 867 1363 907 in
1405 867 1522 922 apice
1567 868 1856 922 operculorum
1894 868 2087 924 utrinque

415 958 535 998 supra
563 944 750 999 infraque
779 950 908 998 striga
936 943 1202 984 cinnabarina
1230 942 1394 997 gemina
1413 973 1422 990 ‚
1476 956 1675 996 cyanearn
1705 942 1954 982 includente
1984 959 2089 984 mar-

413 1016 573 1072 ginata,
602 1034 772 1072 quai-un
803 1019 943 1058 infima
972 1033 1084 1057 oram
1114 1017 1401 1071 operculorurn
1432 1030 1568 1054 versus
1599 1016 1735 1069 gulam
1764 1017 1866 1070 legit
1891 1034 1900 1063 ;
1928 1030 2086 1072 praete-

413 1106 484 1131 rea
512 1093 639 1132 latera
667 1092 842 1148 capitis,
898 1093 1005 1132 infra
1047 1093 1211 1140 oculos,
1270 1095 1407 1144 strigis
1447 1089 1580 1130 rubris
1623 1101 1665 1129 et
1704 1091 1872 1145 cyaneis
1903 1092 2085 1141 alternis,

412 1167 648 1221 parallelis,
692 1169 784 1223 plus
827 1167 1013 1207 minusve
1055 1165 1287 1215 distinctis,
1331 1164 1500 1219 oblique
1542 1165 1696 1206 striata.
1767 1168 1922 1221 Corpus
1948 1178 2084 1208 totum

414 1241 549 1281 viride
579 1244 646 1282 vel
676 1243 863 1282 obsolete
893 1257 1038 1296 gryseo
1069 1242 1300 1289 virescens,
1333 1242 1470 1292 fascia
1508 1241 1556 1279 ad
1598 1241 1802 1280 dorsalern
1842 1240 2012 1295 pinnam
2042 1254 2085 1283 et

414 1315 649 1369 angustiore
680 1317 855 1356 laterum
884 1316 1151 1364 saturatiore,
1194 1316 1259 1354 vel
1302 1316 1777 1369 gryseo-fuscescente,
1823 1316 1873 1354 ad
1918 1318 2084 1357 dorsum

414 1404 537 1444 saepe
573 1391 682 1430 inter
718 1406 904 1445 squamas
956 1390 1410 1438 rubro-reticulatum,
1469 1390 1854 1443 macr-olepidotum.
1936 1392 2083 1431 Sutura

411 1467 593 1505 lateralis
623 1467 741 1505 dorso
781 1465 919 1505 vicina
956 1475 998 1504 et
1037 1464 1259 1519 parallehz,
1304 1478 1412 1518 pone
1456 1463 1625 1518 pinnam
1670 1465 1874 1504 dorsalem
1917 1477 2081 1506 strenue

412 1538 566 1579 inflexa
607 1552 649 1579 et
688 1555 763 1594 per
798 1541 970 1579 caudam
1009 1551 1119 1578 recta
1154 1539 1377 1592 medioque
1417 1552 1604 1593 pergens.
1683 1540 1833 1579 Pinnae
1863 1545 2083 1594 pectorales

413 1612 644 1653 virescente
673 1613 894 1668 hyalinae,
926 1613 1259 1662 flabelliformes,
1294 1612 1724 1661 duodeci1nradiatae3
1754 1619 1949 1654 ventrales
1978 1615 2082 1655 inte-

412 1688 495 1728 rius
526 1689 757 1738 fiammae,
788 1703 995 1744 cyaneae,
1025 1688 1307 1737 sexradiatae‚
1339 1686 1464 1727 radiis
1495 1703 1617 1741 saepe
1648 1688 1915 1738 rubentibus,
1946 1689 2082 1744 primo

411 1763 618 1819 simplici3
659 1768 873 1820 squamula
915 1764 1093 1817 oblonga
1129 1763 1285 1802 ventris
1329 1762 1438 1802 inter
1476 1762 1637 1816 pinnas.
1709 1764 1754 1801 Ρ.
1785 1765 1893 1803 dorsi
1921 1763 2080 1813 viridis,

411 1839 596 1893 margine
627 1850 670 1880 et
699 1839 823 1893 striga
852 1839 998 1886 rubra,
1045 1836 1171 1876 radiis
1203 1837 1337 1876 antice
1377 1845 1433 1885 ¹4·
1464 1835 1638 1890 spinosis
1669 1838 1908 1891 aequalibus
1927 1869 1937 1886 ,
1986 1853 2080 1878 cum

410 1913 606 1953 laciniola
636 1915 687 1953 ad
717 1914 900 1969 apicem,
940 1911 1111 1967 posticis
1149 1928 1206 1950 10.
1249 1910 1444 1956 ramosis,
1485 1910 1690 1965 prolixior
1727 1922 1769 1950 et
1806 1913 1928 1952 rubro
1958 1927 2079 1967 saepe

410 1999 621 2042 punctata.
679 1989 724 2028 P.
757 1993 824 2028 ani
852 1987 977 2027 radiis
1012 1993 1070 2026 13.
1101 2000 1273 2040 quorum
1304 1984 1428 2040 primi
1457 1995 1539 2024 tres
1569 1985 1747 2040 spinosi,
1778 1987 1928 2041 postici
1957 1986 2082 2041 proli-

413 2062 574 2111 xiores,
619 2062 996 2119 cyaneo-viridis,
1044 2061 1131 2100 basi
1179 2062 1413 2100 flavescens.
1489 2062 1655 2101 caudae
1697 2060 1824 2116 pinna
1864 2062 2082 2101 rotundata

413 2139 540 2178 radiis
588 2138 857 2194 quindecim;
914 2140 1077 2178 macula
1115 2135 1231 2190 nigra
1259 2135 1451 2190 utrinque
1479 2135 1524 2175 in
1555 2135 1695 2175 medio
1724 2137 1878 2176 caudae
1910 2149 2081 2176 carneae

414 2212 558 2254 latere.

553 2289 624 2329 No
638 2300 666 2330 t.
727 2292 885 2344 Capitis
922 2286 1150 2342 variegatio
1188 2292 1269 2341 jam
1306 2288 1349 2327 in
1385 2287 1539 2327 tenella
1575 2287 1691 2341 prole
1728 2298 1916 2342 apparet,
1960 2296 2004 2324 ut
2039 2296 2082 2325 et

412 2364 595 2406 maculae
624 2365 792 2408 caudae.
850 2368 884 2408 E
924 2364 1028 2407 mari
1062 2377 1203 2406 recens
1244 2374 1420 2406 extracti
1457 2362 1593 2417 pisces
1627 2361 1910 2416 pulcherrimo
1947 2361 2083 2401 solent
