2185 2890
876 186 1020 210 Ξ
1692 189 1776 232 10¹7

242 285 285 326 Ν
291 296 352 327 οε.
390 303 420 325 ι.
478 283 661 324 Affinem
703 283 824 339 Acip.
865 286 1029 324 rutheno
1065 283 1110 323 in
1139 282 1231 323 sinu
1259 284 1381 324 maris
1411 284 1570 326 insulae
1602 286 1775 341 Canaga

106 374 244 401 versus
277 359 508 400 Americam
538 358 640 398 sitae
670 369 859 414 captum,
889 359 993 398 forte
1023 358 1162 414 specie
1193 358 1400 399 diversum
1430 360 1601 414 piscem,
1630 362 1773 417 paucis

106 435 242 476 verbis
271 435 329 475 sic
360 433 612 488 descriptum
640 433 811 488 reliquit
840 435 893 472 D.
925 435 978 472 D.
1010 435 1166 474 Merk:
1215 434 1342 473 Irides
1371 435 1504 474 flavo·
1522 447 1772 490 argentatae,

106 511 219 550 fusca
248 509 370 549 litura
401 519 494 548 ante
525 519 568 547 et
595 519 690 563 post
720 508 938 564 pupillam.
997 510 1129 549 Cirrlzi
1155 506 1311 563 priores
1341 508 1492 558 crocei,
1523 511 1770 564 posteriores

106 585 204 624 albi.
263 585 406 624 Cauda
435 585 552 622 flava.
611 585 767 638 Corpus
795 586 934 624 subtus
965 584 1128 633 album;
1180 584 1309 623 latera
1338 597 1483 638 grysea
1509 583 1773 626 transversim

104 659 230 714 nigris
259 659 362 699 areis
392 658 581 709 liturata,
632 659 808 713 alboque
840 660 1055 701 maculata.
1123 657 1289 699 Aleutis
1319 657 1476 699 dicitur
1504 659 1774 714 Koshadang-

102 737 254 775 witsch.

235 810 278 849 N
284 819 344 850 οε.
377 826 411 849 2.
467 810 634 851 Scutula
664 809 846 866 corporis
875 809 919 850 in
950 808 1248 867 speciminibus
1287 807 1412 850 variis
1442 822 1615 853 numero
1644 805 1771 850 varia.

101 884 149 923 In
177 897 248 925 sex
276 883 532 925 individuis:

315 958 494 1000 dorsalia
574 968 633 1010 14.
670 967 729 1001 13.
766 970 825 1011 14.
862 968 921 1002 15.
956 969 1016 1004 15.
1055 972 1114 1013 14.

318 1033 508 1073 lateralia
565 1042 629 1075 62.
662 1042 727 1075 (jo.
759 1043 822 1076 60.
853 1043 917 1076 62.
951 1044 1013 1078 62.
1045 1046 1109 1078 62.

316 1108 520 1148 venti-alia
566 1117 627 1152 15.
665 1119 722 1160 14·
761 1118 820 1151 15.
858 1119 918 1152 15.
954 1118 1013 1152 16.
1051 1120 1108 1154 15.
1199 1087 1242 1118 et
1270 1093 1330 1119 sic
1357 1093 1402 1118 m
1431 1077 1537 1118 alus,

315 1199 425 1238 pone
444 1199 566 1224 anum
589 1192 627 1226 3.
690 1203 721 1224 1.
760 1201 818 1224 10.
878 1192 916 1226 3.
954 1202 1014 1226 10.
1070 1203 1107 1226 2.

433 1301 511 1345 86.
578 1298 1054 1347 ACIPENSER
1119 1303 1434 1346 orientalis.

228 1414 303 1451 Ac.
359 1419 489 1450 rostro
531 1407 964 1459 conico-adtenuato,
1031 1425 1203 1466 corpore
1251 1410 1484 1465 laevigato,
1540 1405 1766 1450 tuberculis

95 1485 306 1527 obsoletis.

314 1560 544 1616 Acipenser
571 1558 827 1609 Kaluschka‚
886 1562 1039 1602 Sceller.
1069 1562 1153 1603 obs.
1185 1563 1305 1603 ichth.
1335 1562 1424 1601 MS.

199 1636 341 1675 Rossis
369 1635 414 1674 in
444 1633 627 1674 Davuria
654 1635 859 1688 Kalz'cglza.

201 1710 412 1765 Mongolis
440 1711 641 1749 Kilaema.

226 1788 291 1825 Ex
321 1787 490 1826 Oceano
521 1781 715 1823 orientali
745 1782 788 1822 in
817 1785 948 1824 Amur
977 1786 1147 1827 fluvium
1178 1798 1220 1826 et
1248 1784 1375 1826 rarius
1405 1799 1533 1840 usque
1562 1784 1606 1825 in
1625 1782 1760 1825 Schil-

91 1862 186 1900 kam
202 1871 243 1900 et
256 1863 471 1914 Argunum
489 1857 728 1905 adscendit3
758 1856 865 1898 mihi
881 1874 1090 1914 nunquam
1117 1877 1212 1901 eum
1241 1872 1451 1901 recentem
1471 1857 1758 1914 conspiciendi

90 1936 252 1974 fortuna
281 1935 372 1976 fuit.
430 1938 607 1974 Brevem
648 1936 733 1987 ejus
775 1933 1117 1988 descriptionem,
1175 1947 1268 1992 post
1307 1950 1444 1975 meum
1486 1950 1538 1974 ex
1576 1932 1761 1974 Davuria

90 2024 302 2049 excessum
331 2008 601 2050 concinnavit
629 2013 725 2049 clar.
761 2010 942 2063 Georgi
983 2025 1004 2050 e
1049 2026 1125 2064 qua
1169 2026 1265 2051 cuni
1307 2013 1502 2051 Stelleri
1560 2008 1762 2063 ampliore

90 2084 424 2131 adumbratione,
483 2098 586 2138 quae
616 2083 724 2123 inter
753 2084 990 2138 superstites
1021 2089 1106 2138 ejus
1137 2086 1445 2126 observationes
1473 2081 1758 2137 ichthyologi-

89 2174 155 2199 cas
178 2157 478 2212 Manuscriptas
510 2170 647 2207 extat,
678 2171 929 2213 comparata,
964 2172 1204 2214 sequentem
1234 2160 1560 2215 descriptionem
1590 2157 1758 2198 concin-

87 2234 197 2275 navi.
257 2237 426 2273 Iconem
454 2231 580 2272 etiam
610 2234 659 2272 ab
690 2238 864 2274 amiciss.
907 2235 1126 2288 lVlassof
1147 2235 1304 2291 accepi,
1362 2235 1433 2274 sed
1464 2235 1567 2275 adeo
1599 2234 1757 2281 rudem,

88 2321 133 2349 ut
160 2310 299 2349 locum
327 2307 398 2349 hic
431 2323 514 2349 non
543 2318 767 2358 mereatur,
796 2309 971 2351 Husonis
1000 2321 1140 2351 tamen
1172 2310 1405 2366 proximam
1438 2306 1760 2349 similitudinem

90 2383 301 2440 exprimit.

1282 2465 1303 2486 ἦ
