2185 2890
374 198 432 245 68
1156 205 1299 232 --”“““-“-““-“

370 315 473 348 labiis
500 313 743 348 crassiusculis
770 314 948 359 papilloso
985 313 1143 349 scabris:
1193 314 1305 345 rictus
1343 310 1469 344 ordine
1507 310 1613 344 unico
1640 309 1802 345 dentium
1829 310 2039 348 comicorum

372 375 551 415 circulari,
579 375 735 408 inferiori
749 376 869 408 oribus
897 377 1086 409 maioribus
1111 374 1188 405 basi
1216 374 1412 412 connexis,
1440 372 1579 404 duobus
1608 372 1750 415 paribus
1778 373 2037 407 bimucronatis

376 439 687 468 versusceutrum
713 436 889 477 faucium,
930 441 967 468 et
993 437 1112 478 lingua
1138 432 1421 475 hemisphaeriCa
1452 442 1538 464 arcu
1564 432 1842 465 denticellorum
1868 439 2041 469 coronata

376 499 414 528 et
441 495 578 538 papilla
606 496 758 528 centrali
787 498 961 528 instructa
993 498 1165 527 armatus.

477 557 711 598 Petromyzon
739 554 1022 589 Camtschaticus
1050 555 1211 587 medium.
1238 555 1332 586 inter
1364 555 1568 596 Lampetras
1595 556 1632 586 et
1658 555 1951 597 Petromyzontes
1979 556 2047 586 ssu-

378 614 522 647 vialites
552 620 706 658 occupat
733 615 852 646 locum
880 618 916 645 et
954 614 1116 659 profecto
1154 613 1414 657 posterioribus
1440 614 1486 645 ob
1513 612 1673 645 habitum
1700 617 1737 645 et
1764 615 1941 656 picturam
1967 625 2048 647 cor-

380 676 477 717 poris
505 675 815 713 adnumerassem,
868 676 934 705 nisi
972 685 1028 706 me
1067 677 1258 717 praesente
1293 673 1518 704 individuum
1545 675 1580 704 in
1605 675 1706 705 icone
1735 673 1839 717 (Tab.
1867 677 1924 705 IX.
1954 676 2050 718 mea)

380 734 563 777 depictum
590 745 669 766 cum
698 733 858 776 pluribus
884 736 919 764 in
946 744 1039 776 aqua
1066 735 1200 765 marina
1226 737 1350 776 portus
1378 735 1458 764 Divi
1485 734 1578 764 Petri
1605 736 1641 764 et
1668 733 1765 764 Pauli
1791 734 2051 768 Camtschatici

382 792 417 824 d.
447 792 504 826 30.
531 793 615 824 Julii
642 794 770 822 Mensis
803 792 896 836 1304
920 797 1066 836 captum
1091 797 1197 826 esset.
1238 795 1381 836 Species
1406 803 1444 824 re
1470 803 1556 824 vera
1582 794 1717 824 marina
1744 796 1811 832 est,
1841 794 1901 824 sed
1929 795 2050 835 quoad·

379 849 554 890 habitum,
584 851 679 882 dorsi
719 854 895 893 picturam
935 857 972 885 et
1011 853 1213 886 naturalem
1251 853 1533 895 magnitudinem
1562 852 1894 894 Petrornyzontibus
1925 854 2052 887 fluvia-

377 910 502 942 tilibus
529 912 777 952 approximata
808 916 844 944 et
869 917 1056 955 praeterea
1082 915 1199 955 capite
1228 913 1425 956 praelongo
1454 911 1705 952 subrostra’m,
1739 912 1899 944 dentium
1928 915 2054 948 ordine

379 969 546 1010 singulari
573 973 608 1001 et
635 970 747 1001 cauda
783 972 1018 1004 crassiuscula
1055 976 1222 1004 truncata
1262 975 1324 1004 vix
1363 975 1509 1014 pinnata
1547 981 1613 1002 nec
1645 981 1714 1002 non
1742 974 1894 1013 vestigio
1923 976 2056 1015 pinnae

380 1028 490 1060 analis
518 1029 729 1061 rubescente
756 1033 789 1062 in
817 1032 965 1063 eandem
990 1032 1227 1064 transfluenta
1255 1032 1446 1072 distincta,
1474 1033 1567 1062 notis
1594 1041 1614 1061 a
1639 1028 1766 1062 Blochio
1794 1032 1839 1062 ad
1866 1031 2050 1066 characte-

379 1098 453 1119 rem
481 1088 685 1129 specificam
712 1088 904 1134 Lampetrzze
931 1092 989 1124 vel
1029 1094 1341 1133 Petromyzontum
1380 1092 1610 1122 maximorum
1638 1090 1891 1122 stabiliendum
1918 1097 2049 1126 consti-

379 1149 466 1179 tutis
493 1147 580 1179 haec
611 1152 746 1191 species
774 1153 908 1182 marina
936 1151 1203 1184 Camtschetica
1231 1152 1412 1183 contraria.
1440 1154 1522 1190 est,
1564 1149 1686 1180 ordine
1713 1152 1806 1180 enirn
1834 1153 1937 1183 unico
1965 1153 2051 1185 den·

378 1208 469 1239 tium
495 1209 528 1239 in
556 1208 728 1239 circulum
757 1210 1013 1252 dispositorum
1052 1213 1225 1242 instructa
1258 1214 1312 1242 est
1339 1214 1376 1242 et
1401 1210 1519 1241 Forsan
1548 1210 1679 1251 probat
1701 1231 1711 1251 ,
1760 1211 2049 1254 Petromyzontes

378 1268 531 1309 majores
557 1270 594 1298 et
620 1269 773 1299 minores
800 1271 955 1300 marinos
983 1270 1085 1311 dari,
1139 1270 1198 1301 vel
1240 1269 1435 1300 fluviatiles
1473 1271 1580 1300 etiam
1607 1270 1644 1299 in
1678 1278 1769 1310 aqua
1797 1268 1903 1301 sali-ta
1930 1274 2050 1306 vivere

378 1335 510 1367 posse,
550 1326 676 1357 saltem
705 1337 826 1358 eorum
856 1331 996 1359 nomina
1024 1329 1193 1371 specifica
1219 1329 1312 1360 male
1340 1328 1488 1360 definita
1516 1338 1604 1359 esse.
1674 1330 1861 1359 Praeterea
1888 1341 1954 1362 nec
1982 1332 2048 1364 lin-

379 1394 446 1425 gua
473 1394 538 1416 nec
565 1386 683 1430 poruli
709 1387 895 1428 muciflui,
921 1391 954 1418 in
982 1388 1120 1420 ordines
1147 1388 1437 1430 serpentiformes
1464 1388 1640 1430 dispositi,
1669 1391 1705 1419 et
1731 1390 1765 1418 in
1793 1388 1941 1421 diversis
1969 1402 2053 1435 spe-

378 1443 500 1475 ciebus
527 1444 668 1477 diverso
707 1457 811 1479 cursu
850 1447 1039 1489 producti,
1078 1448 1234 1479 nondum
1277 1451 1361 1479 satis
1395 1451 1560 1479 accurate
1587 1447 1768 1479 observati
1794 1448 2049 1485 etdeclineati

381 1507 487 1545 sunt,
517 1514 621 1546 quam
651 1506 696 1537 ob
725 1516 797 1537 rem
826 1510 1065 1538 necessarium
1097 1508 1209 1547 duxi,
1254 1507 1388 1539 hancce
1423 1517 1550 1538 novam
1579 1510 1732 1549 speciem
1759 1510 2044 1551 Petromyzontfs

378 1564 485 1607 paulo
513 1567 713 1597 accuratius
753 1567 989 1608 investigandi
1027 1571 1063 1598 et
1101 1567 1336 1600 describendi.
1402 1569 1441 1597 In
1478 1569 1584 1598 Icone
1620 1567 1760 1608 (tabula
1786 1569 1844 1598 IX.
1873 1568 1930 1610 fig,
1965 1573 2047 1614 nna)

377 1625 615 1666 Petromyzon
644 1624 795 1657 naturali
823 1626 1067 1668 magnitudine
1095 1638 1114 1658 a
1140 1627 1253 1659 latere
1281 1628 1322 1658 ad
1352 1629 1472 1658 vivum
1492 1627 1628 1668 pictum
1656 1630 1711 1658 est
1733 1630 1770 1658 et
1792 1628 1827 1657 in
1843 1626 1954 1669 figura
1975 1632 2044 1662 2da.

379 1687 488 1724 caput
514 1684 557 1715 ab
586 1684 750 1716 inferiore
778 1689 881 1728 parte
907 1688 1035 1726 visum,
1065 1697 1126 1718 ore
1154 1692 1293 1730 aperto,
1324 1691 1360 1719 ut
1388 1687 1545 1718 dentium
1575 1686 1663 1717 ordo
1689 1689 1725 1717 et
1752 1685 1870 1728 lingua
1885 1689 1920 1718 in
1933 1689 2048 1723 fauci-

377 1740 443 1772 bus
472 1744 507 1773 in
535 1750 767 1787 conspectum
796 1747 967 1786 vaniant,
996 1750 1099 1779 aucta
1126 1747 1367 1788 magnitudine
1396 1748 1702 1788 repraesentatum
1730 1749 1795 1777 est.

1087 1804 1335 1849 Descriptio.

480 1862 603 1908 Corpus
643 1865 817 1898 lubricum
857 1867 1096 1908 anguillosum
1135 1877 1199 1898 nec
1238 1870 1495 1899 marmoratum
1534 1876 1653 1908 neque
1691 1868 1939 1909 variegatum,
1981 1872 2044 1904 sed

380 1935 486 1967 supra
526 1925 898 1966 olivaceo-fuscum‚
965 1928 1001 1957 in
1041 1926 1148 1958 dorso
1185 1927 1302 1967 capite
1346 1929 1383 1957 et
1422 1928 1609 1967 pinnarum
1651 1926 1811 1967 apicibus
1849 1929 2041 1971 nigricans,

373 1985 498 2016 subtus
526 1985 774 2016 coerulescens
802 1995 842 2016 ac
870 1978 1038 2026 argenteo
1067 1989 1181 2017 nitens
1198 2006 1209 2024 ‚
1263 1986 1327 2016 sub
1367 1985 1481 2017 oculis
1521 1984 1563 2017 ad
1602 1986 1715 2017 latei-a
1743 1988 1837 2017 circa
1862 1990 2043 2029 spiracula

378 2043 573 2076 flavescens
599 2054 723 2076 versus
752 2046 821 2075 oris
855 2045 1036 2076 circularis
1076 2045 1211 2076 labium
1252 2047 1288 2076 et
1327 2048 1411 2087 post
1455 2055 1562 2076 anum
1600 2046 1818 2086 rubescens,
1859 2051 2041 2080 caeterum

376 2105 649 2136 teretiusculum
676 2114 781 2135 muco
809 2104 1002 2136 obductum
1032 2104 1265 2146 porulosum,
1318 2115 1441 2136 versus
1468 2105 1602 2137 collum
1630 2109 1852 2137 attenuatum
1869 2127 1878 2145 ,
1918 2118 2044 2139 versus

376 2161 559 2195 thoracem
587 2168 623 2196 et
650 2164 794 2195 dorsum
823 2167 905 2196 ante
933 2165 1075 2206 pinnam
1109 2163 1286 2196 dorsalem
1321 2166 1484 2195 crassius.
1550 2161 1659 2207 Caput
1692 2165 1886 2207 oblongum
1914 2167 2039 2198 subro-

377 2224 526 2252 stratum
554 2227 592 2255 ut
621 2225 654 2254 in
682 2227 851 2265 argenteo
888 2223 1206 2266 Tranquebariensi
1251 2224 1359 2266 (conf.
1396 2223 1506 2255 Bloch
1537 2225 1684 2266 Systern.
1712 2224 1978 2266 ichthyologiae
2004 2238 2041 2268 p.

377 2278 460 2312 532.
488 2281 544 2322 fig.
578 2292 605 2315 1.
632 2283 717 2313 Tab.
750 2283 848 2325 102.)
893 2284 1017 2315 subtus
1055 2283 1191 2326 porulis
1232 2284 1352 2316 multis
1388 2284 1564 2315 mucissuis
1593 2287 1723 2316 sensim
1750 2284 2041 2317 decrescentibus

378 2341 500 2377 ordine
540 2343 704 2383 utrinque
744 2342 870 2374 lineari
910 2352 945 2376 et
984 2346 1188 2386 serpentino
1228 2345 1410 2386 dispositis
1452 2343 1542 2389 (vid,
1572 2344 1628 2386 fig.
1665 2353 1697 2376 2.
1727 2343 1805 2384 bb.)
1836 2348 2038 2385 pertusum,

378 2400 497 2438 fistula
523 2401 560 2432 in
585 2402 718 2435 vertice
747 2403 802 2448 (a)
829 2405 921 2437 inter
949 2404 1073 2439 oculos
1111 2404 1279 2440 laterales
1308 2406 1394 2449 (Fig.
1429 2414 1456 2437 1.
1487 2405 1534 2449 a).
1602 2402 1644 2438 Os
1671 2403 1860 2437 terminale
1887 2403 2041 2436 suhova-
