2185 2890
841 178 982 200 π
1663 176 1747 216 20⁵

75 278 293 318 Maeotide
322 289 366 318 et
394 276 496 316 mari
525 274 663 329 caspio
696 273 928 327 gregarius3
980 285 1175 314 autumno
1220 289 1309 315 sero
1354 274 1568 316 immensis
1608 275 1754 317 turmis

75 353 186 393 circa
216 353 358 392 littora
387 350 587 390 Tauricae
617 348 856 389 chersonesi
885 349 1096 388 examinat
1126 364 1253 403 usque
1285 351 1335 389 ad
1365 350 1486 390 initia
1517 351 1644 401 veris,
1689 366 1752 391 ae-

77 427 193 466 stivis
224 426 433 466 mensibus
463 440 484 463 a
515 427 628 477 Majo
669 425 720 463 ad
755 425 987 477 Augustum
1032 423 1329 463 innumerabili
1371 425 1491 480 copia
1520 429 1678 465 Tanain
1709 436 1751 465 et

76 501 319 556 praesertim
351 500 541 553 Volgam,
576 513 701 552 usque
730 497 773 537 in
807 499 977 539 Cflmam
1008 509 1049 538 et
1076 500 1232 539 Occam
1263 499 1302 538 fl.
1335 501 1551 542 adscendit
1582 502 1750 541 anadro-

75 592 191 624 mus,
234 586 277 614 ut
307 575 411 613 retia
442 589 562 629 saepe
591 574 785 629 impleat,
830 573 916 613 imo
958 573 1001 612 in
1046 572 1153 628 ripas
1197 589 1344 628 magna
1385 574 1504 630 copia
1546 586 1747 629 egeratur,

76 654 203 691 Extra
233 666 380 704 aquam
411 649 551 689 statim
584 649 858 688 exanimatur.
935 651 982 688 In
1019 651 1058 688 fl.
1095 652 1253 688 Ja'i'cum
1294 660 1335 688 ct
1364 651 1501 689 Tcrek
1530 665 1613 690 non
1641 650 1749 689 solet

72 726 238 766 intrare.
297 727 336 764 A
369 724 510 763 Russis
543 723 840 777 Volgensibus,
886 723 1033 777 quibus
1071 722 1246 763 aliorum
1287 723 1466 779 piscium
1510 739 1656 779 magna
1686 735 1748 764 est

73 800 221 854 copia,
250 814 331 839 non
362 800 489 838 modo
520 798 766 852 negligitur,
798 799 869 838 sed
899 813 973 853 pro
1002 798 1166 853 impuro
1196 798 1398 849 habetur,
1432 799 1492 840 zita
1522 811 1565 839 ut
1595 801 1648 839 ob
1679 814 1748 839 no-

74 889 170 914 men
200 874 484 922 vernaculum,
519 889 539 912 a
570 873 750 913 tumultu
778 873 1010 913 natantium
1041 873 1177 928 primo
1205 873 1398 923 inditum,
1432 876 1576 929 vulgus
1607 876 1748 915 credat

71 949 236 988 insanos
281 950 330 988 ab
374 963 444 988 esu
485 946 634 987 horum
678 948 856 1003 piscium
897 949 1016 988 reddi
1062 947 1265 990 homines.
1336 950 1418 988 Sed
1465 966 1487 989 a
1516 950 1676 990 Tataris
1706 960 1747 989 et

71 1022 382 1063 Tschuvaschis
413 1023 500 1062 sine
539 1038 648 1062 noxa
693 1023 810 1063 crudi
848 1034 890 1062 et
931 1023 1043 1062 saliti
1086 1025 1382 1074 comeduntur,
1427 1038 1469 1065 et
1498 1026 1541 1065 in
1569 1025 1745 1065 Taurica

72 1097 345 1146 Chersoneso,
376 1097 504 1137 etiam
538 1098 867 1144 delicatioribus,
898 1109 1086 1137 recentes
1117 1099 1184 1137 vel
1213 1098 1256 1137 in
1285 1101 1540 1140 salsamentis
1562 1111 1604 1141 et
1623 1100 1746 1140 assati

70 1172 273 1220 arrident,
317 1172 446 1212 immo
478 1177 692 1212 Moscuam
723 1172 837 1212 missi
868 1172 976 1211 saliti
1009 1172 1258 1212 amatoribus
1296 1175 1550 1228 placuerunt.
1623 1176 1746 1217 Circa

69 1246 289 1286 Tauricam
320 1247 561 1300 praesertim
592 1247 635 1286 in
666 1247 756 1286 sinu
786 1245 1084 1286 Theodosiano
1112 1246 1266 1300 hyeme
1305 1250 1546 1304 capiuntur3
1589 1263 1744 1292 aestate

70 1320 214 1367 rarius,
245 1321 409 1360 adultae
438 1321 594 1376 pariter
623 1332 664 1360 et
693 1321 893 1361 dimidiae
925 1321 1236 1375 magnitudinis.
1281 1326 1313 1362 E
1344 1324 1498 1364 Palude
1529 1327 1744 1367 Maeotide

69 1410 145 1451 per
174 1406 388 1449 angustum
419 1396 568 1435 fretum
597 1395 804 1435 Jenitschi
835 1397 903 1435 vel
931 1395 1116 1445 Tonkoi,
1155 1412 1277 1452 saepe
1309 1399 1504 1453 procellis
1532 1399 1576 1440 in
1608 1400 1743 1441 sinum

71 1470 285 1525 putridum
316 1471 523 1523 (Sivasch)
554 1471 785 1525 pelluntur,
818 1470 890 1510 ubi
920 1471 1058 1511 statim
1088 1473 1300 1513 turmatim
1330 1485 1518 1528 pereunt.
1560 1478 1607 1515 In
1639 1476 1742 1517 mari

70 1544 226 1599 Caspio
254 1544 360 1583 laxis
388 1560 462 1599 pro
504 1545 662 1600 magnis
706 1545 889 1600 piscibus
929 1546 1147 1586 destinatis
1190 1547 1346 1587 retibus
1387 1564 1471 1589 non
1507 1549 1741 1593 inhaerent.

70 1622 169 1658 Icon
200 1619 243 1658 in
270 1619 467 1673 Zoologia
497 1619 730 1660 britannica
759 1620 970 1674 proposita
998 1633 1138 1661 nostro
1167 1622 1274 1677 pisci
1304 1622 1417 1663 haud
1447 1624 1617 1666 omnino
1645 1640 1742 1667 con·

70 1694 204 1741 venit,
238 1694 479 1749 praesertim
511 1706 679 1749 propter
706 1711 966 1750 squamarum
995 1696 1349 1750 magnitudinem3
1395 1698 1467 1738 vix
1497 1710 1636 1741 tamen
1665 1704 1739 1742 du-

68 1767 158 1809 bito
188 1768 297 1808 hunc
329 1779 513 1808 nostrum
543 1771 720 1810 eundem
752 1785 838 1809 esse
868 1771 1167 1810 Piltsclzarclum
1194 1773 1436 1825 Anglorum.

204 1846 377 1884 Descr.
407 1845 637 1898 Longitudo
668 1845 791 1898 vulgo
820 1845 1130 1899 octopollicaris
1160 1845 1204 1885 in
1227 1847 1433 1895 Ponticis;
1462 1850 1737 1904 Volgensibus

68 1920 121 1959 ad
156 1926 198 1959 13
229 1919 422 1973 polliceS,
457 1919 582 1973 vulgo
612 1919 785 1974 pedalis.
849 1919 1065 1960 Ponticum
1095 1921 1276 1974 primum
1307 1922 1551 1973 describam,
1583 1925 1740 1966 deinde

71 1993 227 2046 aliquas
272 1993 425 2047 caspici
468 1993 727 2033 differentias
770 1995 1038 2035 indicaturus.
1081 2021 1130 2026 —-—
1189 1998 1323 2052 Caput
1365 1997 1736 2053 cathetoplateum,

69 2067 228 2107 vertice
258 2067 403 2121 plano,
445 2068 807 2122 longitudinaliter
837 2071 1006 2120 fossula,
1047 2083 1273 2114 antrorsum
1304 2072 1434 2112 effusa
1461 2084 1578 2128 parte
1608 2075 1737 2116 fossae

69 2157 208 2181 versus
231 2152 406 2192 rostrum
433 2142 705 2197 biporcatum,
739 2144 875 2198 porcis
899 2156 1127 2185 antrorsum
1152 2147 1513 2201 convergentibus.
1556 2151 1737 2192 Maxilla

69 2219 230 2269 inferior
260 2215 488 2257 lateraliter
523 2218 668 2271 plana,
716 2219 840 2272 paulo
878 2219 1060 2274 longior,
1104 2221 1274 2269 obtusa,
1319 2223 1458 2262 subtus
1499 2224 1735 2267 tricarinata

70 2293 180 2344 (th.
212 2292 284 2342 A.)
314 2296 491 2345 superior
519 2292 741 2338 subbifida,
771 2304 956 2348 utraque,
987 2296 1052 2346 (ut
1081 2305 1121 2334 et
1151 2299 1305 2335 lamina
1333 2309 1544 2349 mystocea
1572 2300 1732 2342 lanceo-

67 2365 171 2419 laxa)
203 2365 426 2406 denticulis
462 2366 770 2422 inaequalibUS,
827 2369 1020 2419 aduncis,
1081 2369 1285 2420 minimis,>
1340 2372 1530 2427 margine
1566 2388 1731 2428 armata,
