2185 2890
868 197 1008 220 Q
1675 185 1761 228 275

232 297 397 336 Des-cr.
457 295 632 349 Magnit.
661 293 734 333 vix
765 294 961 348 digitalis.
1021 295 1080 336 Os
1108 294 1300 336 dentibus
1331 294 1484 341 acutis,
1533 303 1760 333 antrorsum

95 372 330 419 maioribus.
402 371 866 410 Iridesflavo-aure„1e.
939 371 1085 411 Vei-tex
1116 371 1342 425 nigricans;
1399 375 1528 422 striga
1565 367 1758 420 utrinque

94 445 369 493 snbocnlaris,
402 459 537 484 versus
569 443 729 497 apicem
760 443 956 484 maxillae
986 445 1183 499 obliqua,
1219 444 1438 492 continua,
1480 443 1605 496 nigra.
1664 442 1760 487 Cor·

98 535 173 573 pus
203 519 570 573 macrolepidotum
602 519 721 558 dorso
751 517 1034 567 cinerascens,
1076 519 1240 573 punctis
1270 519 1373 558 albis
1404 516 1578 572 sparsis3
1621 516 1758 554 subtus

98 594 249 632 album.
318 593 458 631 Litura
488 594 598 632 fusca
628 608 744 647 supra
775 593 921 648 pinnas
951 594 1205 647 pectorales,
1251 604 1293 632 et
1337 594 1440 633 duae
1480 589 1670 642 utrinque
1709 589 1760 626 ad

95 667 265 721 pinnam
294 668 462 706 caudae.
506 669 632 706 Pinna
654 668 761 707 dorsi
778 667 913 707 antice
945 668 1072 722 spinis
1094 675 1149 708 15.
1181 667 1360 716 lituram,
1391 664 1550 720 postice
1580 661 1705 702 radiis
1721 680 1758 715 7.

95 745 290 780 ventrales
320 740 436 780 radio
466 741 589 782 unico
620 742 892 796 spinescente.
951 745 994 783 P.
1033 747 1100 782 ani
1135 759 1176 781 10
1195 742 1364 789 radiata,
1395 739 1525 779 tribus
1555 736 1760 793 prioribus

96 813 282 869 spinosis.
342 817 485 856 Gauda
515 816 708 872 aequalis.
767 818 911 857 Sutura
944 817 1125 857 lateralis
1155 817 1315 871 postice
1344 815 1585 869 interrupta.

487 1032 708 1082 XXXIX.
789 1030 1363 1082 LABRACES.

230 1267 456 1306 Labracum
487 1265 655 1306 nornine
686 1266 896 1321 distinguo
922 1281 1049 1321 genus
1076 1264 1253 1321 piscium
1269 1262 1575 1304 thoracicorum
1590 1261 1760 1301 Oceano

93 1339 293 1395 pacifico,
326 1352 372 1380 ut
398 1340 585 1390 videtur,
624 1342 858 1396 peculiare,
903 1344 1016 1394 cujus
1046 1351 1205 1379 tantum
1235 1340 1338 1378 duae
1368 1336 1524 1392 species
1551 1335 1759 1374 indefesso

92 1415 257 1455 Stellero
286 1415 576 1465 innotuerant,
615 1416 686 1470 qui
716 1417 887 1456 alteram
916 1417 1212 1469 Hexagrammi
1241 1411 1409 1452 nomine
1438 1408 1668 1457 recensuit,
1701 1407 1761 1446 al-

91 1499 223 1528 teram
252 1491 323 1542 (ob
351 1489 541 1530 habitum
572 1491 677 1530 forte
707 1490 961 1545 peculiarem
986 1501 1027 1529 et
1048 1488 1195 1528 suturis
1218 1486 1456 1527 lateralibus
1480 1481 1759 1540 praetervisis)

92 1577 242 1617 genere
271 1563 467 1604 distincta
494 1565 715 1604 Labi-acam
744 1564 984 1619 appellavit.
1055 1566 1194 1618 Quum
1224 1576 1320 1602 vere
1349 1561 1486 1616 plures
1516 1557 1676 1613 species
1705 1570 1758 1595 ex

93 1639 264 1677 Oceano
301 1638 539 1678 Americam
577 1655 598 1677 a
634 1638 924 1679 Calntschatca
965 1638 1186 1678 dirimente
1226 1633 1482 1690 acceperim,
1524 1632 1570 1671 in
1608 1629 1757 1684 quibus

93 1712 285 1751 omnibus
313 1711 555 1766 principalis
586 1723 629 1751 et
664 1712 892 1752 essentialis
926 1712 1141 1751 character
1179 1709 1338 1757 enitet,
1383 1723 1449 1747 eas
1487 1707 1537 1745 ab
1568 1705 1757 1745 affinibus

94 1786 230 1840 Sparis
261 1798 303 1826 et
329 1786 497 1833 Labris,
532 1790 614 1839 jam
645 1786 703 1826 sic
732 1786 829 1826 satis
858 1785 1084 1825 numerosis
1115 1783 1357 1839 generibUS,
1398 1791 1655 1835 segregatas,
1689 1792 1757 1834 pe·

94 1860 241 1900 culiari
270 1876 419 1915 genere
447 1872 489 1900 et
518 1861 686 1900 nomine
715 1875 915 1916 propono.

232 1936 479 1991 Praecipuus
508 1935 581 1975 ille
615 1935 828 1976 character
856 1933 1046 1975 consistit
1074 1934 1117 1974 in
1147 1947 1318 1973 nurnero
1346 1930 1517 1971 insolito
1529 1939 1759 1970 suturarum

97 2013 148 2051 ab
177 2022 350 2065 utroque
379 2011 507 2050 latere
536 2010 689 2050 lineam
718 2011 953 2058 lateralem,
986 2009 1053 2049 cui
1083 2008 1321 2047 simillimae
1352 2017 1469 2054 sunt,
1501 2002 1755 2058 stipantium.

96 2085 301 2139 Equidem
328 2085 575 2139 jampridem
604 2084 844 2139 monuiff),
878 2085 1003 2124 etiam
1032 2083 1141 2123 inter
1170 2085 1315 2137 Sparos
1345 2091 1386 2120 et
1415 2081 1566 2119 Labros
1596 2077 1756 2116 nullum

95 2159 273 2200 solidum
300 2159 523 2200 discrimen
554 2159 675 2198 statui
704 2175 841 2215 posse,
871 2174 993 2213 quam
1022 2158 1158 2198 lineae
1188 2156 1370 2197 lateralis
1401 2152 1752 2200 constitutionem,

148 2377 203 2425 (ἡ)
232 2377 268 2412 171
297 2378 444 2423 Spfcileg.
471 2378 603 2421 leolog.
632 2380 720 2414 Essa
751 2376 848 2412 VIII.
875 2389 905 2421 p.
934 2388 986 2422 45.
1016 2386 1101 2412 nota.
