2185 2890
354 196 414 235 40
1120 195 1264 219 ΞΕ

493 296 659 352 Species
690 293 1016 350 elegantissima,
1049 291 1255 333 constanti
1283 306 1445 348 semper
1474 294 1643 340 colore,
1672 293 1716 333 in
1746 294 1919 336 desertis
1949 296 2025 336 ari-

357 371 420 412 dis
449 371 690 412 australibus
734 371 784 410 ad
829 370 1024 417 Cumam,
1086 371 1243 408 Ja‘i'cum
1288 380 1330 408 et
1371 368 1490 408 Irtim
1520 370 1736 409 observata
1767 382 1808 409 et
1838 370 1880 410 in
1911 370 2026 411 omni

358 449 463 487 forte
494 446 661 486 Tataria
687 459 835 500 magna
865 457 1102 493 occurrenS,
1163 458 1185 482 a
1228 445 1459 485 Gmelino
1505 443 1631 484 etiam
1672 460 1694 484 e
1725 445 1862 485 Persia
1891 445 2027 485 missa.

356 522 512 577 Agilis,
571 520 685 561 miris
715 520 834 561 nodis
865 534 905 559 se
935 518 1151 558 involvens
1182 520 1347 573 quando
1385 519 1576 559 laeditur.
1635 519 1788 568 Arida,
1829 521 2026 575 glareosa,

356 610 552 638 montana
583 608 692 636 ama-t
720 607 763 637 et
790 594 833 634 in
863 593 1042 648 vepretis
1073 593 1224 648 passim
1254 594 1448 635 occurrit.

495 674 563 713 De
576 688 666 713 scr.
699 674 854 726 Corpus
883 668 1056 724 gracile,
1102 681 1232 719 teres,
1279 669 1533 724 aequaliter,
1566 670 1696 724 magis
1726 670 1887 726 postice
1919 672 2029 710 adte-

357 760 540 790 nuatum.
600 750 732 803 Caput
760 761 950 802 parvum,
982 756 1261 799 tetragonum,
1306 743 1429 784 lineis
1459 744 1608 798 nigris,
1649 745 1892 800 praesertim
1920 756 2030 785 sutu-

362 823 528 872 ralibus,
560 834 722 878 praeter
752 820 962 870 verticem,
992 819 1276 861 reticulatum.
1337 820 1464 860 Irides
1493 819 1698 860 cinereae.
1759 822 1881 862 Color
1910 837 2030 877 supra

359 913 531 939 amoene
563 910 605 938 et
634 897 766 938 dilute
798 895 1197 952 gryseo—cinereus,
1229 899 1366 950 strigis
1394 893 1525 934 tribus
1555 894 1673 943 latis,
1716 895 2029 950 longitudinali-

358 974 451 1022 bus,
509 972 801 1022 albidioribus,
859 971 969 1011 inter
998 986 1095 1026 quas
1126 970 1291 1011 ordines
1321 971 1403 1010 duo
1435 970 1584 1010 alterni
1613 986 1797 1011 arearum
1826 969 2030 1011 orbicula-

358 1047 486 1096 rium,
531 1047 650 1101 nigro
680 1047 1010 1094 reticulatarum,
1069 1045 1231 1100 aliaque
1261 1044 1443 1085 lateralis
1474 1044 1722 1094 obsoletior,
1770 1059 1873 1100 quae
1904 1044 2031 1084 etiam

358 1137 431 1179 per
459 1123 631 1163 caudam
659 1121 809 1178 pergit.
867 1123 1080 1162 Abdomen
1110 1120 1316 1169 albidum,
1357 1119 1492 1160 lituris
1524 1119 1694 1159 minutis
1723 1119 1846 1160 fuscis
1876 1130 1919 1159 et
1947 1131 2031 1160 ato-

358 1198 436 1238 mis
467 1196 706 1238 rubicundis
737 1198 988 1249 adspersum.
1062 1198 1185 1234 Scuta
1216 1195 1499 1234 ubdominalia
1534 1201 1619 1234 183.
1649 1220 1704 1225 —
1739 1212 1824 1245 190.
1858 1220 1906 1226 —
1938 1212 2029 1235 202.

359 1272 404 1312 in
433 1271 583 1318 variis3
626 1285 816 1325 squamae
846 1269 1113 1308 subcandales
1143 1268 1351 1323 plerisque
1383 1275 1445 1308 65.
1474 1292 1528 1299 »-
1559 1275 1621 1308 66.
1689 1268 1935 1321 Operculum
1964 1274 2032 1309 ani

361 1346 454 1397 uni,
511 1345 646 1387 bi-et
683 1342 1011 1400 trisquamatum.
1085 1343 1314 1398 Longz'tuclo
1360 1343 1407 1382 2'.
1453 1344 1508 1383 (δ”.
1556 1346 1624 1384 ‹3''‘.
1669 1344 1823 1383 caudae
1870 1344 1928 1386 5⁰.
1960 1345 2029 1385 8²¹¹.

361 1421 509 1477 capitis
545 1423 633 1461 11‘''.
666 1444 669 1447 -

443 1503 484 1546 β.
513 1499 561 1535 In
590 1497 794 1537 Varietate
820 1496 1034 1541 ·Cumam;
1093 1507 1216 1552 caput
1258 1511 1378 1552 supra
1420 1496 1581 1536 macula
1624 1497 1806 1551 repanda
1838 1505 2030 1545 saturata,

360 1570 577 1627 crepidine
608 1570 741 1626 nigra,
799 1587 893 1611 area
931 1570 1100 1611 linearis
1143 1572 1372 1611 fuscescens
1401 1585 1510 1626 pone
1541 1571 1682 1610 oculos
1712 1569 2029 1625 longitudinalis

361 1658 405 1686 et
432 1662 547 1687 areae
593 1663 629 1686 2.
675 1645 999 1701 longitudinales
1043 1663 1065 1686 a
1108 1646 1246 1686 nucha
1287 1647 1612 1694 descendentes,
1670 1645 1887 1701 crepidine
1925 1645 2030 1685 item

363 1722 475 1762 fusca
504 1719 853 1777 circumscriptae.
925 1723 1083 1776 Strigae
1123 1720 1447 1775 longitudinales
1477 1719 1660 1776 pallidae
1691 1732 1731 1760 et
1760 1735 1877 1760 areae
1905 1719 2031 1760 inter-

363 1799 496 1851 jectae
525 1796 611 1838 fere
643 1797 875 1847 annum-es,
914 1813 938 1836 a
967 1796 1103 1850 strigis
1134 1795 1408 1850 interruptae.
1464 1794 1572 1834 Huic
1602 1805 1716 1834 scuta
1746 1797 1798 1835 ad
1830 1810 1920 1834 202.

654 1934 731 1987 34.
805 1927 844 1972 C
866 1930 905 1971 O
928 1930 961 1971 L
982 1929 1023 1971 U
1042 1929 1078 1972 B
1098 1930 1136 1972 E
1156 1929 1195 1970 R
1268 1926 1736 1984 quadrilineatus.

500 2021 549 2063 C.
578 2036 696 2077 supra
726 2020 935 2070 cinereus,
982 2020 1118 2077 strigis
1148 2030 1324 2076 quatuor
1351 2017 1725 2074 longitudinalibus
1755 2019 1898 2071 fuscis,
1942 2021 2032 2061 sub-

366 2107 429 2136 tus
457 2095 638 2152 pallidus
666 2097 779 2137 fusco
808 2107 1040 2152 punctatus.

503 2174 551 2210 In
580 2171 783 2212 Tauricae
815 2170 1065 2213 Chersonesi
1092 2171 1296 2212 ruderatis
1326 2170 1446 2211 siccis
1477 2170 1656 2211 occurrit
1685 2170 1826 2211 rarius.

502 2246 672 2287 Descr.
716 2249 928 2288 Crassities
956 2245 1082 2302 digiti
1110 2246 1301 2294 minimi3
1358 2247 1570 2302 longitudo
1602 2245 1848 2295 subulnaris,
1907 2247 2038 2286 cauda

370 2318 441 2359 vix
470 2319 594 2374 digiti
624 2321 899 2376 longitudine.
957 2324 1092 2378 Caput
1120 2337 1318 2378 parvum,
1360 2321 1534 2362 inerme.
1594 2323 1749 2375 Corpus
1778 2335 1896 2375 supra
1925 2320 2037 2360 cine-

369 2395 738 2451 reo-pallescente
782 2397 938 2452 colore,
997 2403 1135 2454 strigis
1174 2397 1298 2441 fuscis
1340 2396 1570 2454 quaternis,
1635 2396 1790 2437 duabus
1831 2395 1875 2436 in
1917 2397 2038 2437 dorso
