2185 2890
875 194 1019 217 =
1685 190 1769 235 269

102 308 189 334 esse
219 293 380 338 colore3
422 292 466 332 in
505 301 710 332 menstruo
747 289 966 344 spirituoso
1002 293 1093 346 plus
1131 291 1263 332 minus
1300 293 1435 347 grysei
1471 296 1650 335 evadunt
1730 295 1776 336 in

101 368 346 422 quibusdan]
376 379 513 407 tamen
542 365 872 421 persistentibus,
914 366 1112 406 obsoletis
1141 378 1280 406 tamen
1309 367 1537 417 coloribus;
1582 371 1768 410 maculae

104 442 243 495 nigrae
274 453 316 481 et
352 442 501 496 strigae
537 440 809 482 cinnabareae
849 451 1085 482 constanter
1121 441 1367 498 persistunt,
1425 443 1771 499 viridi-cyaneae

103 517 331 556 albescunt.

192 630 298 683 189.
338 628 370 669 L
393 627 649 671 ABRUS
698 631 1065 686 capistratus.
1107 631 1234 676 TAB.
1274 629 1396 672 LIX.
1429 628 1509 686 fig.
1551 645 1595 678 2.
1639 636 1684 675 3.

235 742 278 778 L.
310 739 537 790 virescens,
582 742 695 781 fusco
733 743 983 792 maculatus,
1029 743 1176 799 capitis
1213 741 1395 782 fasciolis
1438 741 1619 797 obliquis
1648 741 1771 784 fuscis

100 812 224 853 viridi
253 815 514 868 marginatis,
547 815 668 854 litura
699 817 749 856 ad
778 818 950 856 caudam
979 817 1109 872 nigra.

286 891 466 929 ‘e'L-abrus
497 904 674 943 gryseuz
709 893 924 931 Brannich.
956 896 1105 933 massil.
1138 909 1177 948 p.
1208 899 1271 934 58.
1304 907 1340 933 η.
1372 899 1436 945 75.
1470 894 1635 935 Gmelin.
1665 903 1769 948 syst-

366 966 453 1003 Lin.
485 966 559 1003 III.
591 982 628 1020 p.
666 973 777 1016 1296.
807 982 866 1021 sp.
900 974 964 1018 64.

231 1040 301 1076 Est
338 1038 447 1077 inter
483 1039 661 1079 minores
700 1040 821 1079 Ponti
861 1042 1016 1096 pisces,
1059 1044 1335 1097 praecedente
1373 1054 1513 1083 tamen
1551 1047 1680 1096 major
1711 1054 1768 1094 et,

96 1124 141 1151 ut
167 1111 269 1162 ille,
300 1113 395 1152 satis
426 1114 614 1166 frequens
643 1113 687 1152 in
717 1113 807 1153 sinu
836 1116 1132 1155 Theodosiano
1154 1148 1164 1166 ‚
1197 1117 1334 1156 variae
1365 1118 1511 1158 aetatis
1540 1129 1581 1158 et
1611 1115 1771 1172 magni·

95 1187 276 1237 tudinis,
309 1204 329 1226 a
359 1187 689 1241 sesquipollicari
719 1190 770 1227 ad
800 1188 1246 1244 quinquepollicarem.

230 1263 357 1302 Dese
370 1277 400 1301 r.
459 1262 821 1311 Subdcdrantalis‚
854 1263 1489 1319 lanceolato-cathetoplateus‚
1530 1267 1649 1308 dorso
1678 1269 1770 1309 sub-

94 1348 238 1386 acuto‚
284 1335 714 1390 submicrolepidotus.
775 1337 833 1376 Os
862 1337 983 1376 labiis
1013 1337 1154 1377 crassis
1185 1351 1304 1378 extus
1338 1340 1464 1389 albis,
1498 1340 1670 1382 interius
1698 1357 1768 1381 ru-

90 1411 294 1459 bicundis,
327 1409 494 1463 oblique
524 1410 704 1455 sulcatis5
735 1412 871 1452 (lentes
900 1412 945 1450 in
976 1412 1158 1452 maxillis
1190 1413 1430 1468 aequalibus
1463 1415 1571 1455 infra.
1600 1415 1768 1464 minuti,

92 1485 386 1534 obtusiusculi,
430 1499 547 1538 supra
578 1485 847 1534 acutiusculi,
892 1486 1040 1527 mediis
1069 1488 1228 1528 duobus
1258 1489 1381 1543 paulo
1413 1490 1634 1542 majoribus
1653 1523 1663 1540 ‚
1704 1491 1766 1532 di-

93 1560 305 1600 stantibus.
374 1560 575 1614 Opercula
617 1561 762 1599 obtuse
806 1562 1021 1615 angulata,
1080 1561 1235 1602 lamina
1283 1564 1518 1604 suboculari
1567 1567 1764 1606 confertis

95 1633 317 1675 denticulis
347 1632 658 1688 subpectinata5
701 1635 884 1674 Flabella
914 1637 986 1675 sub
1015 1635 1172 1675 isthmo
1202 1637 1322 1690 gulae
1361 1652 1563 1678 connexa.
1633 1640 1765 1680 Irides

94 1711 483 1762 flavo—argenteae,
515 1706 670 1746 circulo
701 1708 838 1748 viridi.
898 1711 1031 1764 Caput
1059 1710 1214 1755 viride,
1247 1711 1360 1750 fusco
1389 1713 1652 1762 maculatum,
1685 1716 1760 1754 sub

93 1783 223 1825 oculis
243 1786 390 1836 fasciis
419 1783 573 1822 duabus
604 1783 916 1836 operculorum,
959 1783 1127 1837 oblique
1168 1784 1404 1838 parallelis,
1448 1785 1763 1839 nigricantibus,

93 1859 217 1899 viridi
248 1857 489 1898 saturatiore
520 1856 757 1910 marginatis
787 1873 958 1911 quarum
989 1858 1169 1898 anterior
1199 1858 1414 1898 maxillam
1443 1859 1571 1900 instar
1592 1863 1762 1916 capistri

95 1933 370 1988 amplectitur,
403 1943 444 1972 et
473 1931 596 1971 litura
627 1931 746 1970 rostri
777 1943 873 1971 onte
903 1933 1043 1973 oculos
1074 1932 1315 1987 nigricante.
1356 1935 1511 1988 Corpus
1540 1935 1760 1986 virescens,

91 2009 205 2048 fusco
236 2008 510 2054 maculatum,
563 2007 702 2045 subtus
733 2006 945 2055 albidum,
997 2011 1119 2047 litura
1150 2022 1293 2061 magna
1325 2007 1442 2060 nigra
1472 2012 1538 2048 vel
1568 2011 1677 2050 fusca
1709 2013 1760 2051 ad

90 2083 273 2123 radicem
300 2081 543 2121 inferiorum
574 2081 780 2120 radiorum
809 2083 976 2122 caudae.
1034 2083 1181 2122 Sutura
1211 2082 1392 2121 lateralis
1423 2083 1559 2123 solita.
1610 2086 1760 2127 Pinnae

91 2160 313 2212 pectorales
342 2156 693 2204 ssavo-virentes,
725 2156 932 2196 radiorum
970 2164 1026 2197 13.
1056 2159 1254 2196 venenales
1282 2156 1561 2207 vireaeentes,
1593 2161 1759 2213 punctis

90 2232 249 2286 aliquot
291 2229 436 2278 fuscis,
481 2230 763 2269 membranula
802 2232 852 2270 acl
895 2242 1082 2270 ventrem
1126 2231 1357 2278 fraenatae,
1402 2232 1484 2270 rad.
1518 2239 1554 2271 6.
1584 2248 1758 2287 quorum

88 2305 244 2361 primus
277 2305 524 2360 spinescens.
583 2305 627 2343 P.
658 2304 829 2344 dorsalis
861 2306 985 2345 radiis
1017 2304 1191 2360 spinosis
1228 2314 1285 2353 14.
1317 2306 1655 2360 subaequalibUS,
1688 2324 1758 2350 no-

88 2394 183 2422 vem
212 2379 404 2431 ramosis,
451 2378 773 2436 prolixioribus,
818 2381 1067 2423 membranis
1099 2378 1283 2422 onmium
1315 2382 1637 2436 virescentibus,
1673 2399 1758 2425 ma-
