2185 2890
855 210 999 234 Ξ
1668 196 1755 237 265

93 313 213 355 labiis
245 314 411 361 crassis,
439 312 640 361 carnosis,
671 310 824 361 roseis,
856 316 1055 367 superiore
1085 309 1193 352 intus
1222 308 1406 358 sulcat03
1437 310 1571 352 dentes
1598 310 1642 350 in
1671 325 1752 350 ma-

92 390 206 428 xillis
236 388 472 444 productis,
517 386 754 441 aequalibus
782 402 903 441 supra
932 387 976 426 in
1010 388 1150 428 medio
1186 389 1266 427 duo
1304 389 1499 439 majores,
1543 386 1755 433 distantes,

91 466 199 515 infra
230 464 440 518 aequales,
484 462 698 511 continui,
746 461 895 501 minuti
926 463 1041 517 (Fig.
1071 478 1108 502 α.
1121 465 1149 515 ),
1207 463 1336 502 Nares
1364 463 1494 502 oculis
1524 461 1754 516 proximae,

91 537 280 586 hiantes,
323 538 395 576 secl
425 536 647 576 anteriores
677 536 833 592 papilla
873 537 985 585 rufa,
1031 536 1167 576 antice
1204 535 1445 576 dehiscente
1481 535 1752 590 prominulae.

91 613 212 652 Oculi
239 611 412 651 iridibus
443 611 598 650 viridi·
618 609 812 658 aureolis,
858 610 1014 650 circulo
1053 611 1249 651 interiore
1280 612 1392 652 fulvo
1409 636 1421 641 -
1439 624 1574 650 aureo.
1633 610 1755 664 Oper-

89 691 182 727 czch
213 685 318 725 'hinc
357 685 456 724 inde
492 685 750 740 squamulosa
784 685 894 725 circa
931 684 1131 726 isthmum
1167 687 1287 741 gulae
1326 687 1437 742 pelle
1475 684 1756 732 cohaerentia,

89 776 161 801 ora
191 761 528 809 membranacea,
561 761 706 800 obtuse
740 761 929 814 angulata
960 772 1070 801 arcte
1100 761 1394 810 conniventia3
1424 764 1531 801 Arca
1561 761 1633 800 sub
1663 774 1756 800 ocu-

88 834 141 874 lis
173 834 366 874 minutim
394 846 629 888 squamata,
676 846 718 875 et
760 835 911 874 lamina
957 836 1208 876 subocularis
1247 837 1513 885 denticulata,
1575 835 1759 876 Flabella

88 908 348 950 branchialia
377 908 546 963 exigua,
592 909 978 964 quadrilamellata‚
1022 911 1095 950 sub
1125 911 1331 966 operculis
1362 911 1543 951 condita.
1602 911 1759 963 Corpus

89 984 393 1030 lanceolarum,
437 998 636 1033 crassum,
680 1000 988 1040 compressum,
1034 999 1292 1035 convexum,
1331 990 1509 1040 squamis
1539 983 1756 1037 integerri-

89 1059 194 1106 mis,
224 1058 381 1111 magnis
400 1088 410 1106 ,
443 1058 713 1108 duriusculis,
744 1059 896 1099 strictis
925 1058 1204 1100 imbricatum.
1247 1061 1393 1100 Sutura
1424 1058 1603 1098 lateralis
1635 1059 1759 1098 dorso

88 1132 300 1187 parallela,
342 1146 450 1186 pone
478 1132 648 1186 pinnam
677 1134 879 1172 dorsalem
912 1132 1048 1173 subito
1077 1133 1229 1173 inflexa
1258 1144 1300 1173 et
1329 1148 1402 1188 per
1430 1133 1600 1173 caudam
1631 1142 1756 1171 recta.

91 1208 214 1246 Color
243 1206 433 1259 (adultis)
464 1207 851 1256 fusco-rufescens‚
895 1207 961 1247 vel
998 1207 1132 1247 dilute
1170 1208 1303 1256 rufus,
1347 1208 1390 1247 in
1427 1220 1601 1261 corpore
1628 1210 1764 1260 guttis

95 1281 281 1335 singulae
311 1294 529 1334 squamae,
572 1280 616 1319 in
654 1281 801 1335 capitis
839 1280 1035 1320 lateribus
1061 1284 1209 1333 fasciis
1237 1281 1420 1336 obliquis
1449 1280 1574 1320 viridi
1602 1279 1762 1335 aerugi-

89 1354 200 1396 nosis
230 1353 472 1408 variegatus,
530 1354 681 1395 Pinnae
718 1359 937 1408 pectorales
975 1355 1106 1402 latae,
1160 1357 1429 1405 rotundatae,
1471 1356 1757 1403 fulvescentes‚

89 1428 500 1477 tredecimradiatae3
543 1434 740 1470 ventrales
768 1443 971 1483 cyaneae,
1018 1429 1133 1469 radio
1163 1429 1299 1484 primo
1328 1431 1492 1470 robuste
1523 1429 1688 1484 spinoso
1717 1439 1760 1468 et

93 1503 230 1559 quinis
259 1502 537 1552 dichotomis,
570 1502 649 1543 hae
685 1506 735 1544 ad
766 1515 951 1543 ventrem
981 1504 1163 1544 frenatae
1181 1535 1191 1553 ,
1233 1503 1450 1558 interjecta
1480 1519 1646 1559 squama
1674 1503 1763 1542 lan-

90 1578 250 1618 ceolata
280 1578 389 1630 (Fig.
417 1578 474 1630 b.)
504 1578 687 1618 exterius
717 1580 767 1619 ad
796 1579 912 1619 basin
943 1581 1129 1618 adstante
1163 1579 1374 1633 squamula
1403 1577 1757 1631 triangulo-acuta.

91 1654 134 1692 P.
165 1653 337 1692 dorsalis
366 1666 551 1706 cyanea,
582 1652 790 1692 interdum
820 1654 934 1693 fulvo
964 1664 1145 1707 guttata,
1176 1653 1301 1692 radiis
1330 1652 1474 1701 rubris,
1505 1650 1678 1706 spinosis
1699 1657 1761 1693 15.

90 1726 287 1766 laciniola
317 1725 446 1780 apicis
476 1725 618 1772 auctis,
648 1726 817 1766 ramosis
848 1728 1015 1772 decem,
1045 1726 1153 1765 inter
1182 1741 1282 1781 quos
1313 1730 1473 1766 macula
1503 1725 1657 1775 biloba,
1690 1726 1759 1765 vel

87 1800 136 1840 in
166 1802 262 1840 duas
293 1799 425 1839 divisa
453 1800 797 1851 coeruleo-atra,
840 1816 981 1856 opaca.
1053 1802 1181 1841 Pinna
1210 1804 1278 1841 ani
1306 1815 1486 1855 cyanea,
1530 1800 1654 1840 radiis
1684 1800 1761 1839 ful-

90 1875 177 1923 vis,
207 1874 336 1913 tribus
367 1876 533 1914 robuste
563 1875 766 1929 spinosis,
810 1876 983 1930 reliquis
1019 1893 1077 1915 10.
1109 1874 1375 1915 dichotomis,
1436 1876 1579 1916 cauda
1607 1874 1756 1926 brevis,

93 1960 304 1996 truncata,
334 1948 745 2003 cyaneo-virescens
763 1981 774 1997 ,
804 1950 929 1990 radiis
966 1958 1024 1991 13.
1053 1950 1198 1990 rubris.

227 2023 337 2062 Not.
374 2022 522 2062 Adulti
551 2023 711 2063 variant
741 2025 879 2064 colore
913 2025 1095 2080 corporis
1126 2024 1589 2081 obsoletiore-gryseo,
1622 2040 1758 2066 versus

92 2107 277 2137 ventrem
307 2097 490 2151 pallido,
528 2097 691 2152 punctis
722 2099 1034 2140 virescentibus.
1104 2101 1283 2140 Juniores
1313 2102 1421 2154 (Fig.
1454 2105 1509 2154 τι.)
1541 2100 1758 2141 obsoletis-

92 2171 194 2210 sime
225 2170 398 2224 guttati,
429 2171 513 2209 fere
541 2171 621 2210 toti
650 2171 923 2223 virescentes,
955 2176 1027 2214 sed
1056 2189 1077 2214 e
1107 2173 1244 2214 fasciis
1273 2175 1468 2229 pateticis
1499 2175 1759 2215 versicolori-

90 2245 179 2292 bUS,
210 2244 430 2299 parallelis,
462 2255 505 2284 et
532 2247 704 2286 maculis
731 2247 901 2301 posticis
929 2248 1081 2303 pinnae
1113 2248 1284 2288 dorsalis
1313 2249 1578 2302 agnoscendi.
1611 2249 1756 2289 Adulti

91 2317 138 2358 in
169 2318 323 2373 Spiritu
350 2318 437 2358 vini
468 2320 591 2359 modo
620 2320 723 2360 fusci
753 2323 957 2371 evadunt,
1002 2324 1126 2362 modo
1157 2333 1319 2361 servant
1353 2324 1534 2363 colorem
1565 2325 1635 2364 sed
1667 2339 1759 2364 eva-

91 2391 249 2433 nidum.
319 2398 367 2432 In
395 2404 514 2434 cocto
548 2394 662 2450 pisce
703 2395 819 2435 color
859 2397 1089 2438 fuscescens
1126 2396 1266 2436 evadit
1301 2398 1448 2444 ruber,
1490 2414 1573 2440 non
1605 2410 1759 2441 mutato

1275 2478 1324 2521 ‘Ji
