2185 2890
455 182 543 224 288
1213 186 1360 212 ·—-··—·-·-——····

449 291 550 334 cari.
580 294 704 333 Foret
732 301 871 332 autem
901 287 1106 330 immensa
1132 286 1286 328 horum
1306 285 1352 326 111
1374 284 1492 342 aquis
1513 285 1718 336 dulcibus,
1748 284 1932 336 lacubus,
1963 287 2129 342 stagnis,

449 367 666 410 fluminum
712 367 866 417 alveis,
916 365 1147 419 rivulisque
1189 361 1516 417 multiplicatio,
1559 361 1604 402 ni
1644 365 1819 413 Percae,
1862 361 2127 412 Gasterostei,

449 445 592 483 Ranae
619 445 707 483 imo
737 441 928 497 Dytisci,
972 455 1171 489 ovorum,
1214 449 1466 492 teneraeque
1493 438 1622 492 prolis
1653 452 1841 492 magnam
1872 438 2038 494 copiam
2067 441 2128 481 in·

451 517 732 572 gurgitarent,
761 528 805 557 et
826 528 887 558 tot
903 520 1014 558 Aves
1036 514 1250 569 aquaticae
1270 512 1406 552 varios
1430 511 1574 552 aetatis
1596 514 1741 567 gradus
1763 514 2125 569 depopularentur.

450 591 683 645 Quantovis
710 603 849 633 autem
879 591 921 631 in
953 590 1184 647 specierum
1212 602 1404 636 numero,
1445 601 1550 641 quae
1578 601 1841 642 promiscuae
1869 589 2039 640 vivunt,
2083 602 2126 631 et

445 678 749 721 propagantur,
793 667 910 706 nulla
939 678 1079 706 tamen
1112 676 1225 705 certa
1252 674 1419 704 exstant
1449 660 1644 716 exempla
1672 663 1954 717 generationis
1983 664 2125 719 hybri-

446 741 525 781 dae
557 740 668 780 inter
695 741 829 781 varias
858 743 962 781 adeo
993 742 1133 781 affines
1163 751 1287 795 atque
1316 737 1581 778 intermixtas
1611 737 1784 792 species,
1816 738 1954 778 saltim
1983 740 2027 780 in
2058 756 2124 781 na-

444 814 571 856 turali
601 826 734 862 statu;
777 817 1075 858 Conclusorum
1111 815 1224 855 enirn
1259 814 1303 854 in
1343 812 1517 869 piscinis
1556 812 1736 867 angustis
1772 824 1909 868 potest
1939 829 2025 855 esse
2054 831 2123 856 ex-

447 890 616 945 ceptio,
657 905 737 931 nec
764 902 905 932 tamen
933 890 1014 932 rite
1043 892 1230 946 probata.
1296 890 1418 929 Adeo
1455 899 1593 928 autem
1631 887 1790 927 similes
1818 888 1928 928 inter
1956 905 1997 930 se
2032 902 2123 931 sunt

446 963 732 1019 Cyprinorum
767 966 948 1007 minores
985 965 1229 1021 praesertim
1267 963 1450 1018 species,
1490 974 1535 1002 ut
1571 962 1834 1003 difficiblime
1865 963 2122 1007 characteres

443 1038 661 1093 *specificos
693 1039 828 1080 verbis
855 1040 1089 1095 pingendos
1124 1040 1376 1094 praebeant,
1406 1039 1531 1077 —unde
1568 1037 1754 1091 cognitio
1789 1053 1931 1079 eorum
1967 1040 2122 1096 imper-

450 1115 587 1164 fecta,
615 1113 785 1154 nomina
814 1129 939 1170 vaga,
970 1130 1055 1155 non
1085 1125 1246 1154 tantum
1276 1112 1668 1168 Iclithyologorum,
1703 1113 1774 1152 sed
1804 1113 1930 1153 etiam
1957 1115 2123 1170 plebeja

450 1189 729 1244 piscatorum,
773 1204 901 1244 usque
933 1190 1062 1239 adeo,
1105 1199 1151 1228 ut
1179 1203 1300 1244 saepe
1331 1188 1374 1228 in
1405 1189 1551 1228 eadem
1580 1186 1820 1242 provincia.
1866 1188 2122 1231 diversorum

448 1264 613 1304 lacuum
642 1262 710 1301 vel
739 1263 959 1304 fluviorum
995 1264 1164 1303 accolae
1200 1263 1480 1303 diversissima
1516 1263 1685 1302 nomina
1726 1262 1876 1302 iisdem
1911 1263 2122 1318 pisciculis

448 1338 685 1392 imponant,
717 1336 846 1377 immo
876 1338 989 1378 idem
1019 1351 1140 1393 saepe
1167 1352 1321 1378 nomen
1349 1353 1425 1393 pro
1457 1336 1631 1377 diversis
1661 1337 1877 1392 speciebus
1907 1339 2122 1393 designan-

451 1410 515 1452 dis
544 1409 646 1450 hinc
675 1409 775 1451 inde
807 1411 1049 1452 adhibeant.
1107 1415 1155 1451 In
1185 1411 1401 1467 speciebus
1431 1411 1703 1460 Germaniae,
1736 1411 1911 1461 Galliae,
1941 1414 2121 1468 Angliae

447 1484 651 1542 propriis,
692 1501 792 1540 quas
825 1486 997 1537 plurimi
1032 1485 1303 1541 Ichthyologi
1338 1496 1610 1526 retractarunt
1646 1496 1689 1526 et
1724 1485 1914 1526 iconibus
1944 1487 2121 1530 illustra-

446 1570 556 1606 runt,
585 1562 751 1613 jamjam
780 1559 917 1600 minus
945 1561 1177 1607 laboratur;
1204 1562 1277 1601 sed
1306 1559 1489 1609 Rossiae‚
1524 1575 1719 1614 aquarum
1748 1561 1870 1616 copia
1891 1561 2121 1606 ditissimae

447 1646 490 1674 et
519 1633 719 1683 Sibiriae,
753 1645 817 1674 tot
846 1645 887 1675 et
914 1635 1039 1675 tantis
1069 1635 1205 1676 fluviis
1233 1636 1483 1690 lacubusque
1513 1634 1677 1682 divitis,
1707 1635 1912 1691 plurimae
1942 1638 2120 1680 tributae

448 1720 542 1749 sunt
571 1708 755 1763 species,
801 1721 844 1750 et
870 1721 934 1750 tot
962 1710 1131 1751 nomina
1162 1712 1270 1766 apud
1297 1711 1454 1752 incolas
1483 1710 1657 1759 usitata,
1700 1722 1746 1750 ut
1783 1726 1866 1751 11011
1897 1711 2009 1765 prius
2039 1712 2119 1755 1100

447 1783 666 1824 nominum
692 1783 831 1825 Chaos
860 1785 1080 1835 extricare,
1112 1797 1155 1825 et
1186 1786 1344 1840 species
1372 1800 1516 1826 omnes
1545 1785 1717 1825 disserte
1749 1785 2000 1839 distinguere
2030 1803 2120 1843 spes

448 1858 526 1908 sit,
560 1873 680 1913 quam
711 1859 818 1899 datis
845 1860 1030 1900 omnium
1060 1860 1273 1900 iconismis
1303 1861 1477 1908 curatis,
1509 1859 1716 1899 coloribus
1747 1858 1987 1908 illustratis,
2018 1877 2118 1916 quos

447 1933 493 1973 in
524 1933 674 1973 itinere
704 1949 787 1974 non
815 1949 978 1988 semper
1005 1935 1167 1975 occaeio
1196 1947 1239 1975 et
1269 1935 1398 1975 otium
1431 1934 1508 1974 fuit
1536 1949 1787 1988 comparare.
1841 1937 1953 1988 Quot
1983 1948 2119 1979 autem

448 2007 494 2048 in
524 2019 717 2063 promptu
745 2024 854 2049 1111110
882 2021 995 2054 sunt,
1024 2020 1070 2048 ut
1099 2009 1142 2049 in
1173 2010 1411 2049 Salmonum
1441 2022 1605 2062 genere,
1635 2023 1710 2064 pro
1740 2008 1985 2050 facilitando
2015 2013 2119 2052 futu-

449 2082 506 2123 ris
535 2084 867 2124 observatoribus
895 2084 1092 2138 negotio,
1132 2099 1227 2124 011111
1263 2084 1421 2124 exactis
1456 2082 1804 2139 descriptionibus
1840 2083 1913 2124 hic
1952 2085 2117 2139 adjicio.

450 2159 500 2198 In
529 2172 678 2212 genere
708 2157 966 2199 characteres
1001 2159 1231 2214 specierum
1270 2174 1322 2199 ex
1360 2175 1425 2200 ore
1455 2170 1495 2198 et
1530 2163 1652 2214 pinna
1689 2163 1757 2198 ani
1784 2158 1826 2199 in
1856 2158 1939 2199 1100
1969 2175 2118 2214 genere

451 2231 634 2272 maxime
664 2235 867 2288 petendos
895 2250 982 2274 esse
1012 2234 1165 2282 video;
1206 2250 1302 2274 nam
1343 2234 1514 2289 reliquis
1555 2234 1694 2289 pinnis
1734 2249 1877 2288 parum
1923 2233 2033 2274 inter
2074 2253 2116 2278 se

449 2305 676 2355 ›differunt3
707 2319 748 2348 at
776 2324 1035 2364 squamarum
1067 2309 1308 2363 magnitudo
1338 2321 1379 2350 et
1408 2308 1591 2365 corporis
1622 2308 1937 2363 proportiones,
1981 2311 2116 2350 verbis

456 2377 705 2423 difficillime
745 2384 1034 2439 exprimuntur
1079 2395 1121 2425 et
1162 2400 1316 2440 paucae
1359 2386 1582 2426 admodum
1624 2394 1718 2424 sunt
1760 2383 2130 2438 microlepidotae„
