2185 2890
347 149 398 188 16
1105 146 1246 172 m

341 269 497 311 „tegi-a.
577 247 731 304 Anguli
761 248 885 288 rictus
916 244 996 287 oris
1025 244 1138 284 nudi.
1210 245 1339 284 Nares
1366 241 1458 298 pori
1490 239 1680 287 minimi,
1736 237 1877 279 medio
1905 237 2015 278 inter

343 342 547 383 „rostrum
576 337 617 365 ct
646 324 802 365 oculos.
868 322 988 361 Oculi
1016 318 1225 375 palpebris
1257 319 1376 358 nudis
1408 315 1731 358 membranaceis
1760 314 2014 354 nictitanteS.

340 408 496 455 „Aures
525 412 720 442 externae
763 398 886 453 plane
916 411 998 435 non
1028 394 1288 449 conspicuae.
1347 396 1503 449 Corpus
1532 391 1827 431 ventricosum.
1891 388 2017 428 Pedes

344 482 531 529 „bi-eves,
565 474 788 516 anteriores
819 470 1087 524 tetradactyli
1115 471 1226 515 fisse,·
1256 470 1421 524 plantae
1451 466 1763 520 tetradactylae,
1794 464 2014 520 palmatae,

344 569 466 604 „cum
489 551 621 606 digito
637 547 906 602 incompleto.
952 549 1108 585 Totum
1138 544 1292 584 animal
1322 543 1480 598 capite,
1512 556 1684 596 corpore
1712 553 1753 581 et
1782 537 2017 581 exn-emita-

344 629 482 680 „tibus
518 642 635 680 supra
672 624 859 678 infraque
910 635 1193 668 verrucosrmr,
1250 617 1433 664 verrucis
1474 633 1593 672 supra
1635 613 2015 661 fusco-brunneis,

344 704 511 754 „subtus
549 699 685 743 luteis.
757 697 986 752 Longitucio
1016 694 1152 735 trunci
1183 695 1241 735 δ”.
1271 695 1426 749 pedum
1454 691 1706 748 posticorurn
1739 697 1792 733 δ”.
1823 691 1890 730 ‘2'-

630 915 838 967 Genus
879 915 933 964 ΙΙ.
999 913 1046 963 Τ
1081 914 1120 962 Ε
1157 913 1188 962 S
1226 913 1272 961 'i‘
1309 913 1351 961 U
1388 913 1434 961 D
1468 912 1488 961 t
1521 911 1578 963 N
1611 911 1650 961 E
1686 909 1728 960 S-

484 1155 571 1196 Soli
605 1151 855 1194 anamalium
875 1151 1101 1191 Testudini.
1118 1154 1277 1190 Natura
1307 1160 1438 1190 costas
1467 1161 1509 1190 et
1537 1161 1719 1190 smmum
1748 1148 1793 1189 in
1823 1147 2020 1189 continua

347 1241 461 1270 scuta
503 1244 617 1269 ossea
658 1226 850 1275 mutavit,
894 1237 936 1264 et
978 1236 1095 1264 extra
1137 1225 1343 1264 musculos
1373 1224 1594 1279 disposuit,
1640 1225 1726 1264 sola
1756 1222 2018 1278 epidermide

346 1318 498 1345 cornea
528 1304 749 1357 adoperta3
806 1301 951 1340 eadem
981 1298 1180 1338 coriaceis
1211 1299 1426 1354 speciebus
1456 1298 1690 1346 emollivit;
1746 1299 1845 1338 dum
1875 1308 2019 1337 contra

348 1378 475 1418 Ranis
505 1388 634 1418 crates
663 1374 844 1416 thoracis
876 1385 918 1414 et
946 1388 1171 1428 coceygem
1199 1374 1323 1428 plane
1355 1372 1590 1428 denegavit.
1671 1372 1849 1427 Reliqua
1879 1383 2017 1411 anato-

349 1468 436 1502 me,
479 1442 662 1492 externis
704 1449 899 1490 membris
941 1460 984 1488 et
1026 1448 1116 1488 ovis
1155 1448 1403 1488 Testudines
1434 1448 1563 1502 magis
1593 1449 1644 1488 ad
1674 1451 1864 1488 Lacertas
1894 1446 2018 1486 incli-

349 1538 469 1574 nant,
499 1542 597 1581 quas
625 1537 785 1573 tamen,
817 1535 862 1563 ut
889 1523 1028 1563 omnia
1058 1523 1180 1563 facile
1212 1523 1292 1563 alia
1323 1522 1535 1569 animalia,
1575 1522 1800 1562 tenacitate
1832 1521 1942 1561 vitae
1977 1531 2019 1560 et

349 1602 468 1643 famis
497 1600 718 1641 tolerantia
747 1600 870 1652 longe
901 1597 1092 1646 vincunt,
1140 1600 1191 1638 acl
1220 1608 1427 1638 tormenta
1458 1608 1499 1636 et
1529 1598 1699 1637 vulnera
1729 1608 1884 1646 mutae,
1918 1597 2019 1636 dum

350 1687 492 1717 contra
532 1675 667 1716 cordis
722 1685 922 1714 structura
962 1673 1092 1728 magis
1135 1674 1185 1712 ad
1229 1672 1495 1727 quadrupeda
1538 1672 1673 1712 calida
1714 1671 1934 1712 inclinant.
1962 1694 2018 1703 ·—-

350 1752 480 1791 Genus
522 1751 801 1797 Testudirmm,
843 1761 888 1789 ut
915 1747 1069 1803 ubique
1098 1747 1233 1788 minus
1262 1761 1548 1796 numerosum,
1590 1747 1649 1787 ita
1680 1747 1788 1801 apud
1818 1760 1892 1785 nos
1919 1760 2017 1800 pau-

357 1841 424 1866 cas
454 1836 642 1865 numerat
669 1823 849 1879 species,
903 1834 1064 1862 tantum
1091 1822 1136 1861 in
1164 1819 1405 1876 temperatis
1436 1831 1478 1860 et
1506 1821 1748 1862 australibus
1776 1819 1948 1860 Rossiae
1977 1831 2020 1859 et

352 1899 520 1940 Tataria
550 1898 749 1947 viventes,
778 1898 822 1938 in
852 1896 1087 1937 borealibus
1115 1910 1214 1935 vero
1245 1906 1288 1935 et
1314 1894 1510 1936 ulteriore
1541 1895 1693 1937 Sibiria
1721 1894 1892 1936 omnino
1921 1909 2020 1934 exu-

348 1976 421 2016 les.
492 1974 716 2030 Praecipue
759 1973 966 2013 abundant
1011 1969 1056 2009 in
1085 1968 1321 2024 regionibus
1351 1969 1460 2011 circa
1489 1974 1665 2012 Pontum
1695 1982 1737 2011 et
1764 1983 1875 2010 mare
1893 1970 2015 2010 -Cas-

355 2050 491 2106 pium,
549 2049 675 2104 inque
717 2049 885 2089 lacubus
922 2044 1113 2086 Tatariae
1150 2059 1322 2099 magnae
1351 2044 1424 2084 ubi
1451 2047 1693 2101 praesertim
1720 2045 1900 2103 pullulat
1928 2057 2017 2099 spe-

358 2124 465 2176 cies,
494 2123 620 2168 etiam
647 2124 692 2167 in
719 2126 883 2179 Europa
912 2119 1090 2176 vulgaris
1099 2149 1111 2168 ‚
1140 2122 1189 2160 T.
1221 2118 1475 2160 orbicularis.
