2185 2890
393 168 483 216 368
1168 183 1311 199 ---

398 284 533 323 Pauca
579 281 817 337 frequentat
857 281 1051 334 flumina,
1117 295 1326 325 aversatur
1355 281 1464 334 alia,
1515 296 1596 325 nec
1625 281 1707 324 nisi
1736 281 1943 325 solitarius
1974 284 2074 327 adit.

398 357 630 413 Capiuntur
657 359 702 399 in
730 359 868 400 fluviis
899 358 1217 401 Camtschatcae
1253 375 1381 416 usque
1423 361 1474 401 ad
1513 361 1636 400 finem
1666 358 1804 406 Junii,
1847 370 1946 400 tunc
1977 376 2075 401 vero

397 430 443 472 in
473 434 789 475 mediterraneis
833 439 916 489 jam
955 435 1133 476 multum
1173 435 1398 476 amiserunt
1434 435 1616 492 gratiae,
1658 434 1876 475 macilenti
1906 436 2004 476 facti
2034 450 2076 479 et

393 509 521 563 guttis
563 509 693 565 nigris
735 511 951 551 turdorum
990 510 1122 551 instar
1161 511 1363 552 maculosi
1404 512 1515 552 facti.
1574 514 1676 551 Prae
1719 510 1892 565 reliquis
1937 526 2075 556 autern

391 585 652 633 Truttaceis,
683 588 848 641 quando
878 601 900 627 e
931 586 1035 627 mari
1064 587 1262 636 veniunt,
1307 587 1417 628 cauti
1447 597 1542 628 sunt
1571 597 1613 627 et
1641 586 1808 636 timidi,
1858 587 1930 627 diu
1961 589 2072 630 circa

392 660 499 699 ostia
525 659 571 699 in
600 661 703 701 mari
735 673 954 702 versantes.
1015 665 1149 716 Quam
1178 662 1513 717 primum'vero‚
1550 663 1624 702 sub
1653 663 1776 702 finem
1807 663 1911 716 Maji
1940 680 1961 703 a
1990 665 2074 705 col-

388 733 504 775 luvie
535 750 731 791 aquarum
762 737 964 777 nivalium
993 738 1111 778 fluvii
1147 737 1450 787 intumescunt,
1494 737 1697 794 gregatim
1737 739 1995 779 adscendunt
2031 752 2074 781 et

392 820 493 850 tunc
527 811 687 866 copiosi
719 824 760 852 et
790 811 941 868 optimi
971 813 1204 868 capiuntur.
1233 817 1368 856 Tanto
1400 829 1495 854 vero
1524 813 1685 868 impetu
1708 814 1899 852 adversus
1927 815 2071 870 rapida
2101 827 2104 829 '

386 883 461 925 illa
494 887 664 926 flumina
693 888 919 938 enituntur,
950 900 996 928 ut
1024 904 1222 944 aquarum
1251 901 1369 931 motu
1399 890 1625 929 adventum
1656 902 1770 927 suum
1794 888 2069 943 piscatoribus

388 958 590 1000 indicent.
669 962 982 1004 Camtschadali
1011 974 1108 1004 tunc
1137 964 1182 1004 in
1212 966 1340 1005 altera
1370 965 1459 1020 ripa
1489 962 1670 1004 fluminis
1700 963 1875 1004 cortices
1904 965 2072 1007 betulae

387 1035 553 1075 rubrica
584 1035 761 1077 infectos
790 1037 835 1078 in
865 1038 1037 1092 perticis
1069 1051 1278 1088 statuunt,
1308 1055 1482 1095 quorum
1512 1039 1657 1078 umbra
1683 1038 1727 1078 in
1757 1037 1934 1094 limpida
1967 1057 2071 1096 aqua

384 1111 521 1167 pisces
542 1123 670 1152 terret
691 1122 734 1152 et
758 1127 898 1153 versus
924 1114 1097 1154 alteram
1123 1115 1255 1171 ripam
1279 1115 1415 1171 pellit,
1446 1116 1516 1155 ubi
1536 1130 1631 1155 cum
1661 1113 1818 1154 retibus
1845 1127 2071 1171 expectant

384 1186 624 1242 piscatores,
695 1190 831 1242 Quam
860 1189 1042 1245 primum
1073 1203 1211 1232 autem
1243 1191 1482 1232 fluminibus
1511 1191 1739 1230 succedunt
1767 1188 1813 1229 hi
1842 1190 1978 1242 pisces
2008 1192 2069 1232 ni-

386 1260 452 1302 hil
485 1262 686 1318 amplius,
734 1265 785 1303 ad
814 1276 1176 1324 mortem-usque,
1219 1266 1306 1308 cibi
1335 1266 1531 1323 capiunt,
1569 1266 1642 1305 sed
1671 1265 1812 1305 labore
1843 1276 1885 1305 et
1915 1266 2069 1315 media,

388 1349 608 1393 postquam
639 1354 717 1379 ova
750 1350 792 1379 et
820 1340 948 1380 lactes
978 1345 1245 1396 projecerunt
1273 1354 1318 1383 ut
1346 1342 1594 1397 Lycaodon,
1652 1340 1972 1395 lagocephalus,
2026 1354 2068 1383 et

383 1415 568 1453 Proteus.
627 1416 676 1453 In
719 1415 954 1455 ventriculo
997 1427 1039 1456 et
1081 1417 1383 1474 appendicibus
1411 1429 1498 1457 tum
1535 1415 1646 1457 nihil
1673 1426 1838 1470 praeter
1865 1415 2067 1471 chy-mum

382 1487 584 1529 invenias.
642 1489 825 1530 Primum
866 1490 1024 1546 piscem
1065 1492 1138 1532 ubi
1179 1493 1343 1534 incolae
1386 1482 1582 1548 capiunt,⁸
1627 1491 1672 1531 in
1710 1492 1805 1531 loco
1841 1493 2070 1533 comedunt

383 1564 558 1613 festive,
606 1579 722 1605 more
753 1565 890 1620 patrio
924 1579 1239 1623 praeparantes,
1300 1567 1539 1608 saltationes
1567 1566 1792 1606 instituunt
1821 1577 1864 1606 et
1892 1566 2066 1608 libidini

380 1637 614 1693 indulgent.
644 1642 737 1681 Nec
770 1641 995 1682 lautiorem
1024 1643 1165 1683 cibum
1195 1644 1240 1684 in
1268 1655 1359 1684 toto
1391 1644 1490 1683 orbe
1519 1641 1712 1682 invenire
1734 1656 1853 1697 posse
1878 1642 2067 1690 credunt;

380 1715 625 1769 praesertim
658 1727 794 1756 autem
825 1717 962 1773 capita
994 1719 1120 1758 cruda
1150 1718 1194 1759 in
1226 1718 1394 1760 deliciis
1424 1718 1581 1759 habent
1603 1728 1690 1758 tota
1714 1729 1866 1773 quanta
1882 1718 2065 1758 medulla

380 1800 424 1828 et
451 1804 573 1830 succo
604 1791 867 1846 sapidissimo
898 1795 1061 1835 referta.
1119 1796 1184 1834 De
1214 1809 1265 1836 eo
1293 1794 1408 1835 idern
1437 1795 1662 1841 celebrant,
1693 1794 1804 1847 quod
1831 1796 1960 1832 Jl'cut(
1973 1808 2063 1833 nses

378 1866 430 1905 (le
461 1867 591 1906 oculis
622 1869 662 1907 S.
694 1871 951 1921 migratorii:
994 1883 1117 1920 eum,
1161 1884 1337 1925 nempe,
1376 1870 1449 1924 qui
1478 1880 1603 1924 caput
1632 1867 1752 1921 hujus
1783 1867 1908 1923 piscis
1939 1869 2063 1923 degu-

378 1942 570 1991 staverit,
617 1957 829 1998 nunquam
873 1958 895 1983 e
927 1944 1220 1986 Camtschatca
1249 1945 1293 1986 in
1324 1945 1515 1986 Rossiam
1542 1958 1813 1984 reversurum.
1847 1947 2060 1986 ¹Adscen-

379 2017 481 2057 dunt
509 2016 558 2057 hi
588 2019 803 2058 Salmones
832 2029 995 2059 tantum
1033 2024 1208 2075 majores
1244 2020 1418 2068 fluvios,
1459 2034 1538 2062 nec
1578 2019 1685 2059 ultra
1729 2026 1847 2060 5Gtum
1887 2022 2059 2076 gradum

375 2092 609 2133 latitudinis
638 2093 763 2133 ullibi
791 2093 902 2134 circa
933 2095 1252 2137 Camtschatcae
1282 2096 1425 2137 littora
1453 2094 1687 2152 capiuntur.
1762 2096 2056 2138 Camtschatca

374 2169 546 2209 fluvium
583 2172 666 2223 jam
703 2174 811 2210 circa
843 2186 891 2209 ρο
922 2171 1082 2225 Aprilis
1121 2173 1303 2222 adeunt,
1346 2173 1387 2212 fl.
1425 2171 1646 2224 Bolschaja
1690 2186 1828 2212 versus
1864 2189 1906 2212 10
1938 2172 2055 2227 Maji,

372 2255 537 2298 portum
569 2246 607 2284 S.
641 2244 753 2285 Petri
783 2256 826 2285 et
853 2246 970 2285 Pauli
999 2258 1042 2286 et
1072 2247 1205 2287 sinum
1236 2246 1474 2287 Avatschae
1506 2248 1674 2287 demum
1706 2247 1841 2288 Junio.
1895 2249 2057 2287 Haben-

373 2327 439 2357 tur
467 2318 510 2358 in
541 2319 725 2359 maximo
752 2320 912 2375 pretiO,
944 2332 986 2361 et
1015 2323 1207 2363 omnibus
1236 2323 1328 2363 aliis
1357 2321 1591 2363 anadromis
1621 2334 1938 2378 anteponuntur,
1970 2337 2053 2361 non

375 2393 508 2434 solum
535 2405 705 2450 propter
739 2396 922 2447 molem,
959 2412 1038 2453 qua
1067 2413 1189 2455 saepe
1219 2409 1269 2451 40
1301 2410 1344 2440 et
1373 2406 1422 2441 60
1451 2397 1577 2439 libras
1606 2398 1791 2453 explent,
1826 2398 1897 2438 sed
1927 2397 2056 2438 etiam
