2185 2890
397 200 455 243 80
1158 205 1304 229 Ξ

397 310 604 364 „superior
632 306 675 347 in
705 317 878 363 quatuor
904 320 994 348 ossa
1022 303 1176 354 divisa,
1235 306 1380 345 dentes
1419 304 1662 346 sustinentia
1691 315 1734 346 et
1766 318 1841 360 per
1868 307 2064 363 symphy-

397 383 490 435 ,‚sin
522 383 661 423 cranio
690 386 843 437 juncta.
913 383 1020 425 Ossa
1038 382 1246 434 fraenalia
1274 380 1441 430 teretia,
1498 382 1694 421 maxillae
1722 381 1921 437 superiori
1953 398 2062 438 pone

395 459 566 509 „oculos
596 458 809 513 ginglyrno
848 461 998 512 juncta.
1072 456 1219 496 Orbita
1258 455 1442 511 superius
1485 456 1767 511 cartilaginea.
1838 459 2064 499 Branchiae

395 545 661 588 „quaternae,
692 532 884 588 utrinque
913 533 1120 588 duplices,
1148 530 1256 571 intra
1286 546 1329 571 os
1358 532 1621 586 granulosae3
1652 547 1740 571 ossa
1772 531 2065 573 branchiarum

396 609 579 658 „fistulas
609 607 854 648 sustinentia
884 619 1016 657 recta,
1071 607 1239 658 teretia,
1297 607 1512 661 angulosa,
1571 621 1654 647 non
1697 618 1872 648 arcuata.
1937 608 2064 663 Spina

396 683 538 731 „dorsi
565 683 662 725 satis
692 682 873 724 valida.“

734 825 809 871 79.
864 811 1480 859 ANARRHICHAS
1528 811 1727 871 Lupus.

534 923 587 963 A.
617 911 1091 970 fuscus'immaculatus,
1122 922 1319 963 lateribus
1350 920 1515 960 albidis.

609 999 746 1051 Lupus
786 997 984 1045 marinus,
1048 998 1265 1052 Willughb.
1307 997 1428 1036 iclzth.
1472 1012 1513 1049 p.
1560 1001 1649 1036 130.
1680 994 1764 1035 tab.
1797 991 1991 1049 H3.fig.
2027 1011 2062 1036 τ.

668 1074 759 1128 Raj.
790 1089 881 1126 syn.
913 1090 952 1128 p.
981 1082 1046 1123 4ο.

610 1147 893 1188 Anarrhichas
924 1151 1083 1202 Lupus,
1137 1148 1224 1186 Lin.
1255 1156 1358 1199 syst.
1388 1146 1482 1184 XII.
1512 1146 1544 1185 I.
1577 1161 1617 1200 p.
1645 1151 1737 1195 430.

611 1221 895 1262 Anarrhichas
926 1222 1120 1262 dentibus
1161 1221 1309 1271 osseis,
1366 1222 1508 1261 Bloch.
1539 1221 1642 1259 Pisc.
1665 1235 1795 1273 germ.
1825 1220 1900 1259 III.
1930 1235 1969 1274 p.
2006 1225 2066 1260 18.

668 1296 751 1335 tab.
780 1306 845 1348 74.

545 1369 594 1408 In
621 1370 723 1410 mari
752 1370 941 1411 balthico
969 1381 1012 1410 et
1039 1371 1166 1410 boreo
1207 1368 1336 1408 rarius
1366 1369 1608 1410 observatur
1638 1380 1681 1409 et
1708 1369 1753 1409 in
1782 1370 1914 1410 multo
1943 1371 2069 1424 majo-

396 1457 485 1485 rem
513 1444 669 1486 molem
698 1445 920 1496 excrescit,
951 1460 1074 1499 quam
1102 1445 1411 1500 praecedentes.

939 1661 1060 1712 XIII.
1133 1659 1165 1710 S
1198 1660 1294 1711 IL
1328 1662 1376 1711 V
1410 1660 1450 1710 R
1484 1659 1515 1710 Ι.

534 1896 762 1938 silurorum
792 1909 917 1950 genus
946 1904 1064 1936 extra
1093 1896 1300 1949 Europam
1331 1893 1556 1934 admodum
1582 1907 1869 1941 numerosum,
1900 1905 1994 1950 apte
2022 1907 2065 1937 et

396 1972 616 2014 evidenter
642 1972 687 2011 in
716 1970 794 2010 tria
837 1985 986 2025 genera
1026 1968 1205 2024 dispesci
1248 1967 1427 2023 poterit:
1481 1970 1652 2018 Silures,
1710 1969 1877 2024 proprie
1917 1970 2064 2020 dictos,

397 2050 545 2097 nudos,
576 2047 697 2087 unica
725 2045 853 2101 pinna
883 2043 1036 2085 dorsali
1065 2043 1284 2083 instructos
1301 2061 1314 2089 ‚-
1355 2045 1540 2096 Mystos,
1571 2043 1698 2098 pinna
1727 2043 1864 2098 priore
1897 2057 2065 2094 armata,

396 2123 555 2177 postica
586 2121 754 2176 adiposa
796 2119 1030 2175 praeditos,
1085 2117 1146 2158 uti
1189 2118 1429 2164 Salmone33
1485 2129 1528 2157 et
1569 2119 1819 2158 Callichchos
1849 2119 2065 2167 Gronovfi,

398 2197 578 2250 squamis
606 2186 732 2237 osseis
761 2194 978 2241 loricatos,
1033 2193 1106 2248 qui
1147 2194 1365 2233 Loricariis
1406 2204 1449 2232 et
1477 2194 1764 2248 Acipenserum
1792 2193 1934 2247 generi
1963 2195 2066 2234 fiunt

401 2270 554 2310 affines.
612 2272 767 2311 Omnes
797 2268 1051 2310 conveniunt
1080 2268 1238 2316 habitu,
1284 2268 1429 2321 grandi
1458 2267 1699 2323 praesertim
1727 2267 1888 2322 capite,
1926 2271 2065 2309 cirrhis

402 2344 453 2383 ad
468 2358 511 2383 os
527 2345 692 2393 crebris,
724 2358 968 2399 ovorumque
985 2342 1282 2397 magnitudine,
1313 2355 1487 2396 quorum
1510 2341 1678 2382 vitellus
1692 2341 1869 2381 exclusis
1890 2343 2066 2383 foetibus

399 2418 568 2458 maturis
600 2434 674 2474 per
701 2418 945 2460 umbilicum
979 2418 1132 2459 sensim
1160 2417 1399 2466 absumitur,
1433 2428 1478 2457 ut
1506 2417 1550 2457 in
1578 2417 1751 2471 Squali33
1777 2431 1862 2471 quo
1873 2416 2071 2457 *affiinitas
