2185 2890
444 179 534 226 350
1221 196 1366 220 Ξ

584 301 631 338 In
662 295 799 337 fluviis
829 294 1202 337 transuralensibus
1234 309 1373 335 versus
1403 295 1470 336 Ob
1502 305 1544 335 et
1574 293 1694 344 Irtis,
1725 295 1911 351 itemque
1943 294 1994 334 ad
2024 293 2133 336 Jeni-

451 387 562 413 seam
593 372 864 414 tendentibus
896 383 938 413 et
967 372 1008 412 in
1041 370 1107 412 his
1135 370 1236 427 ipsis
1267 370 1422 421 fluviis,
1453 381 1498 411 ut
1527 381 1569 410 et
1598 370 1642 410 in
1672 373 1785 411 Lena
1816 382 1858 411 et
1887 371 2135 411 collaterali-

446 449 522 488 bus
552 449 690 490 fluviis
720 448 877 489 saxosis
911 449 1080 506 copiose
1111 447 1274 503 capitur
1303 445 1373 487 hic
1411 445 1563 502 piscis,
1614 446 1685 501 qui
1719 462 1914 501 aquarum
1946 447 2133 487 dulcium

447 525 636 565 alumnus
655 559 664 571 ,
706 541 788 566 non
820 527 1065 566 anadromus
1095 523 1283 572 videtur3
1327 522 1486 563 etenim
1516 522 1560 562 in
1590 521 1857 563 inferioribus
1891 522 2132 578 regionibus

442 600 614 640 istorum
647 602 863 642 fluminum
894 616 1034 641 versus
1066 614 1176 640 mare
1206 614 1289 640 non
1319 600 1587 646 observatur,
1615 598 1703 640 imo
1731 599 1776 638 in
1806 599 1972 638 Bai‘cale
2003 598 2132 639 etiam

443 675 536 716 lacu
568 692 650 716 non
682 678 852 733 copiose
884 676 1078 718 occurrit.
1140 674 1359 716 Excrescit
1391 686 1528 714 autem
1568 674 1612 714 in
1642 674 1851 730 insignem
1882 674 2131 729 magnitudi-

445 767 566 802 nem,
598 752 727 809 inque
762 753 941 793 Witimo
972 764 1013 793 et
1044 752 1232 801 Jenisea,
1271 766 1408 792 versus
1436 749 1735 800 Turuchansk,
1782 751 1886 790 ultra
1918 749 2131 804 octoginta

443 828 570 869 libras
600 831 784 884 pondere
815 843 1011 885 aequasse
1043 828 1221 875 dicitur,
1259 828 1363 868 licet
1393 826 1573 881 vulgaris
1603 826 1846 881 magnitudo
1876 837 2035 867 tantum
2071 826 2130 865 in-

443 915 507 943 ter
538 904 688 960 viginti
720 916 760 944 et
791 905 1063 960 quadraginta
1093 904 1218 944 libras
1249 903 1394 943 variet.
1468 908 1594 942 Intrat
1625 902 1752 942 etiam
1785 902 1964 943 minores
2000 915 2040 943 et
2072 920 2130 944 ra-

440 979 565 1035 pidos
598 980 767 1030 fluvios,
799 982 982 1028 Sosvam,
1015 980 1187 1034 Ljalam,
1217 982 1383 1028 Turam,
1415 979 1575 1027 Ubam,
1608 981 1813 1025 Tomum,
1844 990 2127 1034 caeterosque.

442 1057 523 1096 Sed
564 1057 667 1096 ultra
708 1059 866 1096 Lenem
905 1061 1074 1111 ejusque
1111 1055 1372 1095 collaterales
1411 1052 1582 1102 fluvios,
1627 1064 1668 1093 et
1705 1068 1873 1093 omnem
1913 1055 2128 1096 Oceanum

442 1132 715 1181 orientalem,
762 1132 890 1188 inque
923 1130 1215 1173 Camtschatca
1244 1131 1471 1184 ignoratur.
1532 1132 1580 1168 In
1613 1129 1739 1170 Cama
1771 1129 1899 1169 fluvio
1928 1132 2128 1186 superiori

443 1224 574 1263 nuper
604 1208 819 1263 apparuit,
852 1207 1108 1248 adventitius
1139 1222 1191 1248 ex
1224 1207 1376 1263 alpinis
1406 1205 1542 1248 fluviis
1572 1209 1718 1253 Ja'i'wa,
1752 1208 1918 1255 Koswa,
1952 1207 2127 1262 aliisque

442 1282 486 1324 in
526 1284 696 1324 Canmm
738 1283 948 1324 indirecto
990 1283 1413 1323 communisantibus.
1472 1285 1581 1323 Caro
1626 1291 1779 1321 aestate
1822 1281 2042 1322 insalubris
2086 1294 2128 1323 et

442 1359 644 1399 mollusca
674 1359 877 1409 habetur,
923 1359 1077 1414 hyeme
1113 1359 1344 1411 sapidiores
1382 1369 1423 1397 et
1453 1357 1714 1398 salubriores.
1774 1357 1941 1401 Dicitur
1971 1357 2126 1413 hyeme

441 1435 509 1475 vel
539 1450 614 1490 per
644 1450 767 1474 unam
796 1435 863 1474 vel
894 1449 967 1490 per
994 1448 1067 1474 sex
1098 1432 1220 1473 horas
1252 1444 1393 1474 coctus
1425 1448 1556 1488 aeque
1587 1432 1768 1488 sapidus.

583 1511 754 1549 Descr.
813 1510 943 1550 Piscis
972 1509 1206 1564 bipedalis,
1248 1523 1320 1548 sex
1357 1509 1572 1549 librarum·
1630 1510 1765 1563 Caput
1797 1511 1993 1564 longum,
2035 1510 2126 1566 pin-

444 1601 545 1642 gue,
580 1585 800 1633 conicum,
833 1585 1234 1642 depressiusculum,
1273 1595 1404 1625 rostro
1435 1583 1683 1634 coniformi,
1719 1585 2029 1641 plagioplateo,
2064 1602 2127 1629 ro-

439 1665 640 1704 tundato.
670 1661 828 1702 vertice
860 1660 1119 1718 planiusculo
1138 1691 1147 1708 ,
1180 1659 1379 1700 lateribus
1409 1660 1639 1708 convexis,
1669 1661 1876 1715 operculis
1908 1661 2124 1703 branchia-

440 1741 549 1780 libus
578 1738 698 1788 latis,
739 1740 887 1779 obtuso
917 1737 1069 1793 angulo
1099 1736 1356 1784 rotundatis,
1400 1736 1633 1776 maculosis.
1698 1737 1822 1776 Irides
1861 1736 2032 1779 inferius
2062 1753 2123 1777 ar-

440 1827 640 1872 genteae,
671 1830 792 1871 supra
823 1825 986 1855 auratae
1005 1843 1015 1862 ‚
1060 1812 1209 1854 atomis
1240 1826 1497 1867 conspersae.
1556 1813 1719 1867 Pupilla
1750 1827 1867 1851 nares
1900 1828 2036 1852 versus
2069 1813 2124 1853 el-

440 1891 600 1947 liptica.
660 1891 719 1932 Os
750 1891 955 1945 ampium,
990 1888 1174 1929 maxillis
1198 1888 1344 1929 clauso
1374 1887 1715 1942 subaequalibus,
1750 1887 1949 1927 inferiore
1980 1899 2121 1928 tamen

440 1967 731 2022 sublongiore3
773 1967 904 2006 Labici
933 1964 1131 2020 pinguia,
1169 1978 1386 2008 convexa3
1428 1967 1582 2004 lamina
1614 1974 1825 2017 mystacea
1856 1963 2038 2018 oblongo
2067 1965 2123 2004 la-

441 2053 628 2090 tescens,
668 2042 856 2097 margine
886 2040 1082 2081 inferiore
1112 2039 1369 2094 denticulata
1400 2050 1441 2079 et
1469 2038 1642 2079 interius
1672 2038 1880 2078 uncinulis
1908 2038 2121 2079 instructa.

438 2120 617 2160 Maxilla
655 2123 836 2174 superior
872 2117 1060 2158 dentium
1098 2114 1388 2157 uncinatorum
1432 2114 1643 2155 minorum
1684 2115 1877 2169 utrinque
1919 2114 2024 2154 serie
2070 2114 2120 2154 ad

439 2194 700 2250 marginem,
742 2198 946 2249 majorum
990 2194 1040 2232 ad
1083 2192 1293 2246 palatum3
1350 2196 1512 2244 inferior
1553 2191 1659 2231 serie
1702 2189 1887 2245 simplici
1930 2189 2120 2231 dentium

440 2270 730 2311 mediocrium.
803 2272 962 2324 Lingua
994 2267 1154 2323 duplici
1184 2267 1307 2307 crista
1336 2267 1526 2307 dentium
1558 2278 1600 2307 et
1629 2267 1749 2319 apice
1780 2265 1975 2306 dentibus
2006 2263 2118 2304 unci-

441 2344 548 2384 natis
576 2360 646 2385 sex
665 2378 675 2396 ,
718 2346 859 2402 primo
887 2343 976 2400 pari
1008 2343 1244 2384 remotiore.
1304 2343 1488 2383 Flabella
1519 2343 1773 2383 branchialz'a
1802 2342 1911 2390 lata,
1954 2339 2118 2395 prolixa

440 2432 466 2460 e
506 2419 686 2462 lamellis
725 2421 936 2463 undecim.
993 2421 1222 2462 Branchiae
1250 2429 1289 2474 4.
1328 2419 1520 2478 parium,
1579 2418 1716 2475 longis
1757 2415 1946 2461 candidis
1983 2414 2117 2457 aristis
