2185 2890
351 184 406 212 10
1109 173 1250 188 ·“··“““

349 297 451 332 sum,
484 281 622 322 colore
653 275 1055 321 cinereo-albicante
1091 270 1268 313 tinctum
1298 272 1349 311 ad
1378 271 1507 311 latera
1537 268 1742 326 glandulis
1772 271 2009 324 prominen-

340 356 515 398 tioribus
543 355 854 396 rubescentibus
886 359 1190 405 exasperatum,
1247 346 1420 387 maculis
1451 345 1678 387 maioribus
1708 345 1831 385 variis
1862 346 2008 387 viridi·

346 434 417 473 bus
446 432 490 471 in
519 445 665 484 gyrum
695 429 828 471 ductis
859 427 975 481 nigro
1016 423 1163 464 cinctis
1202 422 1402 477 nigroque
1439 420 1646 477 punctatis
1676 420 1905 473 interjectis
1935 422 2013 462 mi-

347 506 515 548 noribus
561 505 747 546 eiusdem
788 502 936 545 coloris
973 497 1203 539 rotundatis
1239 497 1443 553 picturam
1480 507 1625 537 exacte
1666 496 1937 536 referentibus
1963 497 2011 538 in

342 581 563 622 abdomine
594 582 733 621 subtus
760 575 1068 634 pallidioribus,
1113 572 1249 613 antice
1280 572 1608 621 albescentibus,
1665 570 1826 626 postice
1858 572 2015 613 cinera-

346 655 554 697 scentibus
583 655 752 696 varium.
822 654 998 692 Dorsum
1035 647 1206 688 maculis
1246 647 1490 702 quibusdam
1519 647 1806 702 grandioribus
1836 659 2012 688 saturate

344 731 545 771 viridibus
576 742 617 771 et
647 726 967 770 obsoletioribus
996 723 1266 777 variegatum.
1324 724 1450 763 Artas
1479 737 1580 763 vero
1609 722 1745 763 fasciis
1773 723 1882 763 laete
1912 722 2008 763 viri-

345 805 608 846 descentibus
653 802 955 845 confluentibus
995 799 1227 853 cinguntur.
1302 800 1449 838 Latera
1479 798 1661 853 corporis
1691 798 1827 838 fasciis
1857 799 2014 838 duabus

343 881 713 936 longitudinalibus
766 879 919 918 lineam
966 875 1157 928 utrinque
1203 873 1416 913 lateralem
1477 885 1686 913 crematam
1737 874 2011 913 referentibus

343 967 539 996 exornata
582 967 687 994 sunt.
756 953 1048 1009 Palpebrarum
1088 949 1300 1004 quaelibet
1341 949 1502 988 macula
1541 947 1824 989 rhomboidali
1871 960 2013 989 notata

344 1042 418 1070 est.
487 1030 661 1070 Habitus
697 1027 862 1069 bufonis
910 1037 971 1065 est
1009 1037 1051 1065 et
1080 1034 1279 1064 structura
1307 1024 1530 1063 tenerrima
1558 1025 1745 1078 adeoque
1776 1025 1829 1063 ob
1857 1026 2013 1079 pedum

343 1104 591 1159 parvitatem
631 1120 714 1145 non
750 1102 887 1143 valide
924 1103 1066 1150 saltat,
1123 1109 1330 1139 caeterum
1364 1114 1441 1139 nec
1471 1098 1582 1138 vitae
1613 1110 1765 1147 tenax,
1807 1114 1930 1153 quani
1959 1100 2013 1140 ob

344 1194 432 1218 rem
460 1194 542 1218 non
572 1180 796 1218 admodum
825 1178 1040 1230 frequens,
1086 1175 1157 1213 sed
1187 1189 1276 1212 raro
1310 1174 1504 1214 cernitur.
1565 1173 1786 1228 Specimen
1817 1174 2015 1228 primum,

300 1294 303 1297 ,
347 1253 458 1307 quod
498 1253 586 1293 Cel.
632 1253 794 1291 Boeber
834 1265 972 1290 coram
1014 1247 1183 1294 habuit,
1242 1263 1335 1287 cum
1379 1247 1703 1303 descriptionem
1745 1248 2012 1289 concinnaret

349 1326 488 1366 vivum
518 1337 603 1366 erat
641 1337 683 1365 et
710 1326 754 1366 in
784 1326 915 1381 Ipsius
955 1338 1116 1365 camera
1156 1321 1202 1362 in
1240 1324 1337 1363 urbe
1384 1325 1704 1364 Catharznoslczm
1735 1322 1893 1362 ultimis
1925 1323 2011 1365 die·

349 1402 422 1440 bus
452 1401 703 1456 Septembris
738 1418 834 1454 1792
868 1411 1048 1456 captum,

793 1550 835 1581 2.
910 1536 948 1577 R
970 1534 1007 1576 A
1029 1533 1067 1576 N
1085 1532 1126 1576 A
1208 1538 1349 1591 temp
1363 1536 1561 1577 oraria.

486 1631 535 1669 R.
568 1641 685 1680 supra
713 1627 942 1683 ferruginea
972 1625 1213 1665 subliturata
1242 1626 1395 1680 plantis
1424 1626 1629 1682 palmatis.

562 1706 677 1743 Rana
707 1703 912 1759 aquatica,
972 1702 1129 1740 Gesner.
1159 1716 1223 1756 aq.
1256 1717 1294 1755 ρ.
1325 1708 1418 1743 805.
1473 1703 1563 1758 Raj.
1597 1703 1738 1756 quadr.
1767 1720 1808 1758 ρ.
1840 1712 1932 1752 24¹·

565 1781 680 1818 Rana
709 1789 843 1827 muta,
900 1779 1086 1816 Laurent.
1115 1776 1292 1830 amphib.
1324 1792 1361 1830 p·
1394 1782 1456 1815 30.
1487 1792 1525 1815 n.
1563 1793 1621 1827 17.

563 1856 679 1892 Rana
707 1854 817 1892 fusca
847 1850 1067 1899 terrestris,
1123 1852 1278 1892 Roesel.
1309 1867 1394 1890 ran.
1425 1867 1464 1905 p.
1502 1869 1533 1890 1.
1563 1852 1646 1891 tab.
1684 1870 1697 1890 ι
1718 1877 1768 1882 —-—
1789 1859 1827 1892 3.

563 1930 679 1967 Rana
708 1924 984 1982 temporaria,
1037 1927 1125 1964 Lin.
1155 1936 1256 1979 syst.
1287 1926 1380 1965 XII.
1411 1927 1443 1966 Ι.
1474 1943 1513 1982 p.
1547 1933 1640 1977 357.
1667 1942 1726 1981 sp.
1764 1934 1824 1968 15.

456 2001 696 2042 Morduanis
716 2003 949 2043 Watraksch
960 2018 976 2046 ,·
1003 1998 1320 2042 Tscheremissis
1339 2002 1488 2042 Shaba.
1547 2001 1722 2055 Vogulis
1743 2003 2011 2051 Porrubennef

509 2076 695 2117 Votiacis
723 2077 846 2116 Ebek.

454 2150 633 2192 Ostiacis
680 2150 1042 2191 Beresoviensibus
1082 2153 1284 2199 Naurtni5
1337 2153 1664 2208 Narymensibus
1705 2154 2007 2200 Tschamcschi;

512 2227 822 2279 Surgutensibus
851 2229 1055 2269 Samarka.

451 2299 655 2353 Tungusis
683 2303 983 2348 Badschalezki;
1013 2304 1064 2343 ad
1093 2304 1303 2344 Ba‘icalem
1333 2305 1459 2346 Orchi
1488 2305 1556 2345 vel
1584 2304 1882 2356 Belclschaefki.

448 2373 677 2429 Caragassis
706 2377 866 2418 Demdi.
925 2379 1125 2434 Tangutis
1156 2380 1327 2422 Abawa.
