2185 2890
862 194 1006 209 ”-“
1691 199 1774 238 119

95 292 263 334 caudae
291 291 420 349 pinna
449 291 615 348 exigua,
645 291 709 332 uti
737 292 990 347 pectorales,
1033 293 1179 333 decem
1208 291 1381 333 radiata.
1437 296 1508 336 Ad
1539 310 1661 335 anum
1691 299 1776 350 pin-

97 372 194 409 nula
236 368 424 418 minima,
484 367 609 408 radiis
650 365 763 406 haud
807 367 1059 422 conspicuis.
1131 368 1363 421 Longitudo
1393 379 1481 408 tota
1511 371 1561 409 ad
1597 373 1677 410 ιο”.
1708 374 1774 420 4‘''.

96 442 245 498 capitis
277 446 327 484 ad
355 443 644 499 operculorum
685 457 800 482 orani
848 443 895 482 1⁹.
941 445 1026 489 ὄψ’.
1075 444 1289 497 (adeoque
1331 454 1448 483 sexta
1486 444 1654 484 circiter
1682 460 1777 500 pars

96 518 368 573 longitudinis
398 520 543 572 totius)
573 517 694 558 rostri
724 519 774 557 ab
803 517 936 557 oculis
975 520 1026 559 1²¹.
1066 518 1122 560 1‘''.
1195 517 1448 558 Abdominis
1482 534 1505 558 a
1541 519 1631 558 sinu
1661 535 1778 574 oper-

97 595 283 634 culorum
313 596 363 635 ad
394 610 516 634 anum
546 595 600 635 δ”.
633 593 696 634 3'''.
732 592 862 648 partis
897 592 1034 634 fissilis
1071 605 1114 635 et
1149 592 1380 634 dilatabilis
1420 595 1575 634 caudae
1614 595 1670 636 δ”.
1710 593 1776 635 ὃ”’.

97 669 274 710 latitudo
303 669 455 725 pinnae
487 669 598 709 dorsi
634 671 682 710 1²2
716 673 783 709 2'“.

232 746 343 786 Not.
398 744 593 785 Proxime
621 760 716 786 cum
745 747 784 785 S.
813 743 1008 800 pelagico
1039 743 1258 795 convenit,
1308 746 1381 785 sed
1411 743 1518 785 mihi
1549 744 1688 800 specie
1718 743 1779 785 di-

100 834 236 860 versus
266 820 444 862 videtur.
521 821 778 876 Comparent
820 818 907 860 alii.
973 819 1105 861 Vivos
1135 821 1267 861 foetus
1296 820 1341 860 in
1370 820 1505 861 canali
1536 818 1778 861 subcaudali

97 896 224 935 fovet.
285 897 440 936 Omma
469 897 550 936 duo
580 894 876 945 forciminalia,
921 894 1010 936 ovis
1041 895 1184 946 luteis,
1236 895 1357 937 milio
1388 898 1586 937 mundato
1616 893 1780 949 majori-

98 971 173 1011 bus
203 972 366 1012 referta.
426 970 621 1026 Corporis
652 971 807 1012 loricae
839 982 1078 1013 constanter
1112 979 1172 1013 18.
1203 973 1358 1012 caudae
1389 980 1454 1013 33.

376 1056 455 1108 93.
518 1051 545 1091 S
565 1051 601 1093 Y
621 1051 658 1092 N
681 1050 723 1093 G
743 1051 781 1092 N
803 1053 842 1093 A
864 1051 907 1092 T
928 1051 972 1092 H
992 1051 1033 1092 U
1053 1051 1080 1092 S
1154 1053 1497 1106 variegatus.

241 1123 280 1161 S.
310 1122 449 1177 pinnis
483 1121 783 1176 pectoralibus,
816 1121 968 1161 dorsali
997 1122 1235 1177 caudaeque
1266 1121 1458 1168 radiatis,
1490 1120 1558 1160 ani
1589 1119 1776 1169 minima,

102 1213 274 1254 corpore
305 1197 516 1250 variegato
546 1195 795 1250 heptae'dro,
830 1197 989 1250 angulis
1019 1197 1258 1236 lateralibus
1288 1196 1449 1251 postice
1479 1194 1736 1249 interruptis.

239 1276 286 1312 In
316 1276 447 1311 Ponto
478 1271 528 1309 ad
558 1270 735 1310 Taurica
766 1270 906 1311 littora
937 1270 1066 1311 rarius
1095 1270 1270 1325 capitur.

238 1350 332 1388 Des
345 1363 404 1387 cr.
463 1348 634 1400 Semper
661 1347 941 1400 praecedente
971 1347 1121 1386 minor.
1187 1347 1378 1386 Rostrum
1407 1345 1542 1386 minus
1573 1359 1777 1400 compres-

101 1440 190 1466 sum
217 1435 259 1464 et
286 1421 472 1471 brevius,
519 1432 564 1460 ut
594 1421 646 1460 sit
676 1422 761 1461 sere
790 1421 968 1476 septima
997 1438 1090 1477 pars
1117 1420 1245 1461 totius
1275 1420 1570 1475 longitudinis,
1613 1419 1776 1476 pallido

100 1502 297 1554 fuscoque
328 1498 594 1545 nebulosum,
625 1496 831 1552 operculis
862 1499 1001 1538 subtus
1031 1497 1104 1537 vix
1135 1496 1372 1551 argentatis.
1433 1498 1588 1552 Corpus
1604 1495 1779 1550 heptac-

101 1577 239 1621 (lruin,
268 1577 429 1627 angulis
459 1572 689 1612 dorsalibus
718 1571 848 1626 magis
884 1572 1154 1620 distantibus,
1198 1570 1495 1626 argutissimis,
1538 1571 1776 1611 lateralibus

101 1649 428 1705 pliciformibus,
484 1647 534 1686 ad
563 1645 732 1686 initium
774 1646 927 1701 pinnae
971 1647 1143 1687 dorsalis
1171 1662 1193 1687 e
1222 1647 1391 1701 regione
1421 1645 1489 1684 ani
1519 1644 1774 1700 interruptis,

102 1736 241 1764 tamen
272 1725 407 1763 denuo
437 1721 688 1762 continuatis
720 1732 761 1760 et
791 1723 841 1761 ad
871 1721 1077 1776 posticum
1113 1722 1265 1777 pinnae
1303 1720 1548 1769 terminum,
1606 1734 1779 1760 conver·

103 1802 239 1855 gendo
270 1815 364 1841 cum
394 1796 644 1846 dorsalibus,
686 1795 839 1844 unitis3
897 1797 1175 1838 abdominales
1204 1796 1345 1851 anguli
1374 1795 1657 1850 obtusanguli,
1691 1809 1779 1836 me·-

104 1876 195 1916 dius
225 1891 345 1915 anum
374 1872 629 1914 terminatus.
687 1872 796 1912 Hinc
825 1874 958 1913 cautla
989 1872 1136 1912 itidem
1168 1873 1375 1912 tetraedra
1402 1870 1669 1926 planilatera,
1716 1870 1777 1910 in-

105 1953 192 1991 fero
221 1952 350 1990 latere
380 1948 549 1995 latiore,
590 1949 662 1987 sed
692 1947 780 1988 basi
810 1947 1034 1988 hexacdra.
1107 1950 1228 1988 Color
1257 1949 1378 1988 dorso
1410 1960 1597 2000 gryseus,
1639 1945 1778 1986 lateri·

104 2027 180 2067 bus
208 2024 409 2081 pallidus,
441 2026 587 2076 fasciis
618 2025 762 2077 (usque
792 2023 836 2063 in
866 2024 1060 2078 caudam)
1091 2022 1331 2063 transversis
1361 2022 1508 2076 nigris,
1560 2036 1634 2076 per
1662 2021 1777 2076 paria

105 2099 403 2157 approximatis
431 2109 473 2138 et
499 2098 543 2137 in
573 2099 694 2138 dorso
723 2098 871 2149 unitis,
902 2100 1041 2139 subtus
1070 2110 1203 2139 totum
1235 2099 1388 2138 album.
1446 2098 1573 2135 Pinna
1605 2096 1779 2136 dorsalis

107 2175 233 2216 radiis
265 2182 328 2215 36.
360 2189 478 2228 supra
508 2188 630 2213 anum
659 2173 888 2229 incipiens,
916 2173 1093 2230 pallida,
1135 2172 1295 2228 triplici
1325 2171 1431 2211 serie
1459 2169 1578 2224 nigro
1607 2182 1777 2225 puncta-

106 2263 166 2299 ta3
198 2262 235 2290 at
267 2253 483 2305 pectoralis
512 2247 697 2297 minima,
728 2249 1047 2299 dcccniiucliata,
1079 2260 1240 2289 tanturn
1270 2247 1375 2286 scric
1404 2244 1600 2300 simplici.
1643 2245 1775 2285 Pinna

109 2329 263 2369 caudae
294 2327 418 2365 fusca.
476 2326 588 2362 Ante
620 2338 741 2363 anum
769 2323 940 2378 pinnula
970 2323 1164 2371 minima,
1197 2323 1279 2362 fere
1309 2333 1491 2362 cutacea.
1534 2319 1774 2360 Loricarum

107 2417 298 2443 numerus
328 2400 370 2440 in
401 2414 572 2453 corpore
608 2405 666 2439 ιδ.
695 2400 848 2440 caudae
880 2407 944 2441 35.
