<?xml version="1.0" encoding="UTF-8"?>
<!DOCTYPE html PUBLIC "-//W3C//DTD XHTML 1.0 Transitional//EN"
    "http://www.w3.org/TR/xhtml1/DTD/xhtml1-transitional.dtd">
<html xmlns="http://www.w3.org/1999/xhtml" xml:lang="en" lang="en">
 <head>
  <title>
</title>
<meta http-equiv="Content-Type" content="text/html;charset=utf-8" />
  <meta name='ocr-system' content='tesseract 3.04.00' />
  <meta name='ocr-capabilities' content='ocr_page ocr_carea ocr_par ocr_line ocrx_word'/>
</head>
<body>
  <div class='ocr_page' id='page_1' title='image "./zoographiarossoa31831pall_0321.png"; bbox 0 0 2185 2890; ppageno 0'>
   <div class='ocr_carea' id='block_1_1' title="bbox 846 190 1752 229">
    <p class='ocr_par' dir='ltr' id='par_1_1' title="bbox 846 190 1752 229">
     <span class='ocr_line' id='line_1_1' title="bbox 846 190 1752 229; baseline 0.008 -8"><span class='ocrx_word' id='word_1_1' title='bbox 846 197 989 221; x_wconf 45' lang='grc' dir='ltr'>Ξ</span> <span class='ocrx_word' id='word_1_2' title='bbox 1665 190 1752 229; x_wconf 76' lang='grc'>505</span> 
     </span>
    </p>
   </div>
   <div class='ocr_carea' id='block_1_2' title="bbox 67 291 1754 1025">
    <p class='ocr_par' dir='ltr' id='par_1_2' title="bbox 67 291 1754 1025">
     <span class='ocr_line' id='line_1_2' title="bbox 76 291 1752 354; baseline -0.001 -15"><span class='ocrx_word' id='word_1_3' title='bbox 76 297 233 346; x_wconf 76' lang='lat' dir='ltr'>crassis,</span> <span class='ocrx_word' id='word_1_4' title='bbox 262 312 406 354; x_wconf 80' lang='lat' dir='ltr'>parum</span> <span class='ocrx_word' id='word_1_5' title='bbox 435 294 698 337; x_wconf 78' lang='lat' dir='ltr'>emissilibus.</span> <span class='ocrx_word' id='word_1_6' title='bbox 759 295 889 336; x_wconf 80' lang='lat' dir='ltr'><strong><em>Nares</em></strong></span> <span class='ocrx_word' id='word_1_7' title='bbox 917 291 1241 350; x_wconf 84' lang='lat' dir='ltr'>approximatae‚</span> <span class='ocrx_word' id='word_1_8' title='bbox 1272 293 1429 350; x_wconf 82' lang='lat' dir='ltr'>priores</span> <span class='ocrx_word' id='word_1_9' title='bbox 1457 295 1650 346; x_wconf 81' lang='lat' dir='ltr'>minores,</span> <span class='ocrx_word' id='word_1_10' title='bbox 1681 311 1752 338; x_wconf 82' lang='lat' dir='ltr'>ora</span> 
     </span>
     <span class='ocr_line' id='line_1_3' title="bbox 78 369 1754 426; baseline 0 -13"><span class='ocrx_word' id='word_1_11' title='bbox 78 385 296 413; x_wconf 79' lang='lat' dir='ltr'>retrorsum</span> <span class='ocrx_word' id='word_1_12' title='bbox 341 372 553 426; x_wconf 77' lang='lat' dir='ltr'>squamula</span> <span class='ocrx_word' id='word_1_13' title='bbox 582 369 892 425; x_wconf 80' lang='lat' dir='ltr'>prominentes,</span> <span class='ocrx_word' id='word_1_14' title='bbox 938 384 1043 424; x_wconf 81' lang='lat' dir='ltr'>quae</span> <span class='ocrx_word' id='word_1_15' title='bbox 1086 369 1334 424; x_wconf 81' lang='lat' dir='ltr'><strong>posteriores</strong></span> <span class='ocrx_word' id='word_1_16' title='bbox 1377 371 1573 426; x_wconf 81' lang='lat' dir='ltr'>protegit.</span> <span class='ocrx_word' id='word_1_17' title='bbox 1633 372 1754 414; x_wconf 81' lang='lat' dir='ltr'><em>Oculi</em></span> 
     </span>
     <span class='ocr_line' id='line_1_4' title="bbox 75 443 1751 499; baseline 0.001 -12"><span class='ocrx_word' id='word_1_18' title='bbox 75 448 331 494; x_wconf 82' lang='lat' dir='ltr'>mediocres,</span> <span class='ocrx_word' id='word_1_19' title='bbox 361 446 468 486; x_wconf 90' lang='lat' dir='ltr'>iride</span> <span class='ocrx_word' id='word_1_20' title='bbox 499 460 632 486; x_wconf 81' lang='lat' dir='ltr'>aurea.</span> <span class='ocrx_word' id='word_1_21' title='bbox 686 445 870 485; x_wconf 71' lang='lat' dir='ltr'>Flabella</span> <span class='ocrx_word' id='word_1_22' title='bbox 900 446 965 497; x_wconf 84' lang='lat' dir='ltr'>(ut</span> <span class='ocrx_word' id='word_1_23' title='bbox 993 444 1119 498; x_wconf 80' lang='lat' dir='ltr'>vulgo</span> <span class='ocrx_word' id='word_1_24' title='bbox 1149 444 1192 483; x_wconf 89' lang='lat' dir='ltr'>in</span> <span class='ocrx_word' id='word_1_25' title='bbox 1222 443 1438 499; x_wconf 85' lang='lat' dir='ltr'>Cyprinis)</span> <span class='ocrx_word' id='word_1_26' title='bbox 1469 445 1751 488; x_wconf 87' lang='lat' dir='ltr'>trilamellata.</span> 
     </span>
     <span class='ocr_line' id='line_1_5' title="bbox 75 519 1752 576; baseline 0.001 -14"><span class='ocrx_word' id='word_1_27' title='bbox 75 523 232 576; x_wconf 76' lang='lat' dir='ltr'>Corpus</span> <span class='ocrx_word' id='word_1_28' title='bbox 260 520 736 575; x_wconf 84' lang='lat' dir='ltr'>submacrolepidotum,</span> <span class='ocrx_word' id='word_1_29' title='bbox 769 530 1035 573; x_wconf 75' lang='lat' dir='ltr'>argenteum,</span> <span class='ocrx_word' id='word_1_30' title='bbox 1079 520 1199 559; x_wconf 81' lang='lat' dir='ltr'>dorso</span> <span class='ocrx_word' id='word_1_31' title='bbox 1229 519 1356 559; x_wconf 83' lang='lat' dir='ltr'>fusco.</span> <span class='ocrx_word' id='word_1_32' title='bbox 1415 521 1540 560; x_wconf 81' lang='lat' dir='ltr'>Linea</span> <span class='ocrx_word' id='word_1_33' title='bbox 1571 523 1752 563; x_wconf 70' lang='lat' dir='ltr'>lateralis</span> 
     </span>
     <span class='ocr_line' id='line_1_6' title="bbox 71 593 1749 650; baseline 0.001 -15"><span class='ocrx_word' id='word_1_34' title='bbox 71 607 208 645; x_wconf 85' lang='lat' dir='ltr'>recta,</span> <span class='ocrx_word' id='word_1_35' title='bbox 251 595 385 635; x_wconf 89' lang='lat' dir='ltr'>ventri</span> <span class='ocrx_word' id='word_1_36' title='bbox 413 595 537 650; x_wconf 84' lang='lat' dir='ltr'>paulo</span> <span class='ocrx_word' id='word_1_37' title='bbox 566 593 736 650; x_wconf 82' lang='lat' dir='ltr'>propior</span> <span class='ocrx_word' id='word_1_38' title='bbox 780 605 821 633; x_wconf 87' lang='lat' dir='ltr'>et</span> <span class='ocrx_word' id='word_1_39' title='bbox 861 594 945 633; x_wconf 85' lang='lat' dir='ltr'>fere</span> <span class='ocrx_word' id='word_1_40' title='bbox 975 594 1200 649; x_wconf 85' lang='lat' dir='ltr'>parallela‚</span> <span class='ocrx_word' id='word_1_41' title='bbox 1246 595 1297 633; x_wconf 85' lang='lat' dir='ltr'>ad</span> <span class='ocrx_word' id='word_1_42' title='bbox 1327 606 1451 649; x_wconf 86' lang='lat' dir='ltr'>caput</span> <span class='ocrx_word' id='word_1_43' title='bbox 1481 596 1749 637; x_wconf 79' lang='lat' dir='ltr'>adscendens.</span> 
     </span>
     <span class='ocr_line' id='line_1_7' title="bbox 71 668 1752 725; baseline -0.001 -14"><span class='ocrx_word' id='word_1_44' title='bbox 71 672 299 711; x_wconf 76' lang='lat' dir='ltr'>Caruncula</span> <span class='ocrx_word' id='word_1_45' title='bbox 328 685 474 710; x_wconf 86' lang='lat' dir='ltr'>carnea</span> <span class='ocrx_word' id='word_1_46' title='bbox 503 680 665 709; x_wconf 83' lang='lat' dir='ltr'>exserta</span> <span class='ocrx_word' id='word_1_47' title='bbox 696 680 789 709; x_wconf 83' lang='lat' dir='ltr'>ante</span> <span class='ocrx_word' id='word_1_48' title='bbox 824 684 961 708; x_wconf 81' lang='lat' dir='ltr'>annm.</span> <span class='ocrx_word' id='word_1_49' title='bbox 1004 670 1132 708; x_wconf 83' lang='lat' dir='ltr'>Pinna</span> <span class='ocrx_word' id='word_1_50' title='bbox 1162 669 1271 709; x_wconf 76' lang='lat' dir='ltr'>dorsi</span> <span class='ocrx_word' id='word_1_51' title='bbox 1301 668 1507 722; x_wconf 73' lang='lat' dir='ltr'>nigricans</span> <span class='ocrx_word' id='word_1_52' title='bbox 1526 701 1535 719; x_wconf 88' lang='lat'>,</span> <span class='ocrx_word' id='word_1_53' title='bbox 1568 669 1752 725; x_wconf 86' lang='lat' dir='ltr'>reliquae</span> 
     </span>
     <span class='ocr_line' id='line_1_8' title="bbox 71 743 1750 799; baseline 0.001 -15"><span class='ocrx_word' id='word_1_54' title='bbox 71 746 243 794; x_wconf 85' lang='lat' dir='ltr'>rubrae,</span> <span class='ocrx_word' id='word_1_55' title='bbox 276 744 460 798; x_wconf 78' lang='lat' dir='ltr'>margine</span> <span class='ocrx_word' id='word_1_56' title='bbox 491 743 732 792; x_wconf 84' lang='lat' dir='ltr'>albicantes;</span> <span class='ocrx_word' id='word_1_57' title='bbox 763 744 896 784; x_wconf 79' lang='lat' dir='ltr'>cauda</span> <span class='ocrx_word' id='word_1_58' title='bbox 927 745 1135 792; x_wconf 74' lang='lat' dir='ltr'>subrubra,</span> <span class='ocrx_word' id='word_1_59' title='bbox 1168 743 1351 798; x_wconf 78' lang='lat' dir='ltr'>margine</span> <span class='ocrx_word' id='word_1_60' title='bbox 1382 745 1507 785; x_wconf 80' lang='lat' dir='ltr'>fusca.</span> <span class='ocrx_word' id='word_1_61' title='bbox 1543 745 1588 785; x_wconf 91' lang='lat' dir='ltr'>P.</span> <span class='ocrx_word' id='word_1_62' title='bbox 1620 755 1750 799; x_wconf 75' lang='lat' dir='ltr'>pecto-</span> 
     </span>
     <span class='ocr_line' id='line_1_9' title="bbox 69 818 1754 873; baseline 0 -15"><span class='ocrx_word' id='word_1_63' title='bbox 69 823 174 860; x_wconf 73' lang='lat' dir='ltr'>mles</span> <span class='ocrx_word' id='word_1_64' title='bbox 200 821 286 860; x_wconf 78' lang='lat' dir='ltr'>rad.</span> <span class='ocrx_word' id='word_1_65' title='bbox 324 826 382 860; x_wconf 78' lang='lat'>18.</span> <span class='ocrx_word' id='word_1_66' title='bbox 413 822 610 860; x_wconf 80' lang='lat' dir='ltr'>ventrales</span> <span class='ocrx_word' id='word_1_67' title='bbox 647 834 705 858; x_wconf 90' lang='lat'>10.</span> <span class='ocrx_word' id='word_1_68' title='bbox 750 823 818 858; x_wconf 83' lang='lat' dir='ltr'>ani</span> <span class='ocrx_word' id='word_1_69' title='bbox 852 836 910 858; x_wconf 76' lang='grc' dir='ltr'>ιι.</span> <span class='ocrx_word' id='word_1_70' title='bbox 955 829 1118 873; x_wconf 83' lang='lat' dir='ltr'>praeter</span> <span class='ocrx_word' id='word_1_71' title='bbox 1146 819 1322 858; x_wconf 85' lang='lat' dir='ltr'>fulcrum</span> <span class='ocrx_word' id='word_1_72' title='bbox 1351 818 1487 873; x_wconf 83' lang='lat' dir='ltr'>primo</span> <span class='ocrx_word' id='word_1_73' title='bbox 1517 818 1754 873; x_wconf 80' lang='lat' dir='ltr'>adglutina-</span> 
     </span>
     <span class='ocr_line' id='line_1_10' title="bbox 67 892 1749 949; baseline 0.001 -16"><span class='ocrx_word' id='word_1_74' title='bbox 67 905 185 940; x_wconf 86' lang='lat' dir='ltr'>turn‚·</span> <span class='ocrx_word' id='word_1_75' title='bbox 215 895 325 935; x_wconf 79' lang='lat' dir='ltr'>dorsi</span> <span class='ocrx_word' id='word_1_76' title='bbox 348 911 406 934; x_wconf 86' lang='grc' dir='ltr'>ιο.</span> <span class='ocrx_word' id='word_1_77' title='bbox 436 904 601 949; x_wconf 76' lang='lat' dir='ltr'>praeter</span> <span class='ocrx_word' id='word_1_78' title='bbox 629 892 766 933; x_wconf 88' lang='lat' dir='ltr'>simile</span> <span class='ocrx_word' id='word_1_79' title='bbox 796 894 986 933; x_wconf 82' lang='lat' dir='ltr'>fulcrum.</span> <span class='ocrx_word' id='word_1_80' title='bbox 1038 894 1238 948; x_wconf 77' lang='lat' dir='ltr'>Squamae</span> <span class='ocrx_word' id='word_1_81' title='bbox 1267 893 1523 934; x_wconf 75' lang='lat' dir='ltr'>lanceolatae</span> <span class='ocrx_word' id='word_1_82' title='bbox 1555 893 1749 949; x_wconf 82' lang='lat' dir='ltr'>utrinque</span> 
     </span>
     <span class='ocr_line' id='line_1_11' title="bbox 70 966 1750 1025; baseline 0 -16"><span class='ocrx_word' id='word_1_83' title='bbox 70 969 121 1009; x_wconf 84' lang='lat' dir='ltr'>ad</span> <span class='ocrx_word' id='word_1_84' title='bbox 150 970 319 1024; x_wconf 82' lang='lat' dir='ltr'>pinnam</span> <span class='ocrx_word' id='word_1_85' title='bbox 351 969 432 1009; x_wconf 87' lang='lat' dir='ltr'>ani.</span> <span class='ocrx_word' id='word_1_86' title='bbox 491 973 533 1009; x_wconf 88' lang='lat' dir='ltr'>P.</span> <span class='ocrx_word' id='word_1_87' title='bbox 564 967 672 1009; x_wconf 82' lang='lat' dir='ltr'>dorsi</span> <span class='ocrx_word' id='word_1_88' title='bbox 714 967 937 1009; x_wconf 85' lang='lat' dir='ltr'>intervallo</span> <span class='ocrx_word' id='word_1_89' title='bbox 969 966 1081 1007; x_wconf 86' lang='lat' dir='ltr'>inter</span> <span class='ocrx_word' id='word_1_90' title='bbox 1108 969 1313 1009; x_wconf 86' lang='lat' dir='ltr'>ventrales</span> <span class='ocrx_word' id='word_1_91' title='bbox 1351 979 1393 1009; x_wconf 88' lang='lat' dir='ltr'>et</span> <span class='ocrx_word' id='word_1_92' title='bbox 1423 969 1586 1010; x_wconf 86' lang='lat' dir='ltr'>analem</span> <span class='ocrx_word' id='word_1_93' title='bbox 1618 983 1750 1025; x_wconf 84' lang='lat' dir='ltr'>oppo-</span> 
     </span>
    </p>
   </div>
   <div class='ocr_carea' id='block_1_3' title="bbox 67 1042 1656 1220">
    <p class='ocr_par' dir='ltr' id='par_1_3' title="bbox 67 1042 1656 1220">
     <span class='ocr_line' id='line_1_12' title="bbox 67 1042 511 1100; baseline -0.005 -15"><span class='ocrx_word' id='word_1_94' title='bbox 67 1043 170 1094; x_wconf 83' lang='lat' dir='ltr'>sita,</span> <span class='ocrx_word' id='word_1_95' title='bbox 201 1042 301 1086; x_wconf 88' lang='lat' dir='ltr'>huic</span> <span class='ocrx_word' id='word_1_96' title='bbox 330 1043 511 1100; x_wconf 88' lang='lat' dir='ltr'>propior.</span> 
     </span>
     <span class='ocr_line' id='line_1_13' title="bbox 154 1161 1656 1220; baseline -0.001 -13"><span class='ocrx_word' id='word_1_97' title='bbox 154 1174 269 1213; x_wconf 80' lang='lat'>217.</span> <span class='ocrx_word' id='word_1_98' title='bbox 310 1161 724 1206; x_wconf 84' lang='lat' dir='ltr'>CYPRINUS</span> <span class='ocrx_word' id='word_1_99' title='bbox 764 1162 953 1207; x_wconf 74' lang='lat' dir='ltr'>Labeo.</span> <span class='ocrx_word' id='word_1_100' title='bbox 994 1164 1123 1207; x_wconf 84' lang='lat' dir='ltr'>TAB.</span> <span class='ocrx_word' id='word_1_101' title='bbox 1171 1162 1374 1206; x_wconf 81' lang='lat' dir='ltr'><em>LXVIII.</em></span> <span class='ocrx_word' id='word_1_102' title='bbox 1406 1162 1487 1220; x_wconf 76' lang='lat' dir='ltr'>fig.</span> <span class='ocrx_word' id='word_1_103' title='bbox 1533 1178 1576 1206; x_wconf 79' lang='grc' dir='ltr'>Ι.</span> <span class='ocrx_word' id='word_1_104' title='bbox 1616 1177 1656 1206; x_wconf 84' lang='lat' dir='ltr'>a.</span> 
     </span>
    </p>
   </div>
   <div class='ocr_carea' id='block_1_4' title="bbox 60 1269 1743 1848">
    <p class='ocr_par' dir='ltr' id='par_1_4' title="bbox 60 1269 1743 1848">
     <span class='ocr_line' id='line_1_14' title="bbox 204 1269 1743 1325; baseline -0.001 -13"><span class='ocrx_word' id='word_1_105' title='bbox 204 1271 251 1312; x_wconf 90' lang='lat' dir='ltr'>C.</span> <span class='ocrx_word' id='word_1_106' title='bbox 288 1269 664 1325; x_wconf 84' lang='lat' dir='ltr'>macrolepidotus‚</span> <span class='ocrx_word' id='word_1_107' title='bbox 707 1284 777 1311; x_wconf 87' lang='lat' dir='ltr'>ore</span> <span class='ocrx_word' id='word_1_108' title='bbox 807 1270 939 1310; x_wconf 85' lang='lat' dir='ltr'>infero</span> <span class='ocrx_word' id='word_1_109' title='bbox 978 1270 1147 1320; x_wconf 81' lang='lat' dir='ltr'>lunato,</span> <span class='ocrx_word' id='word_1_110' title='bbox 1190 1280 1321 1310; x_wconf 84' lang='lat' dir='ltr'>rostro</span> <span class='ocrx_word' id='word_1_111' title='bbox 1349 1272 1552 1325; x_wconf 88' lang='lat' dir='ltr'>producto</span> <span class='ocrx_word' id='word_1_112' title='bbox 1582 1271 1743 1319; x_wconf 83' lang='lat' dir='ltr'>obtuso,</span> 
     </span>
     <span class='ocr_line' id='line_1_15' title="bbox 60 1343 656 1401; baseline 0 -16"><span class='ocrx_word' id='word_1_113' title='bbox 60 1343 191 1401; x_wconf 82' lang='lat' dir='ltr'>pinna</span> <span class='ocrx_word' id='word_1_114' title='bbox 226 1345 294 1385; x_wconf 88' lang='lat' dir='ltr'>ani</span> <span class='ocrx_word' id='word_1_115' title='bbox 324 1344 656 1400; x_wconf 83' lang='lat' dir='ltr'>septemradiata.</span> 
     </span>
     <span class='ocr_line' id='line_1_16' title="bbox 282 1419 1741 1476; baseline -0.001 -14"><span class='ocrx_word' id='word_1_116' title='bbox 282 1419 490 1476; x_wconf 85' lang='lat' dir='ltr'>Cyprinus</span> <span class='ocrx_word' id='word_1_117' title='bbox 519 1420 684 1469; x_wconf 81' lang='lat' dir='ltr'>Labeo,</span> <span class='ocrx_word' id='word_1_118' title='bbox 715 1421 819 1460; x_wconf 78' lang='lat' dir='ltr'>Palz.</span> <span class='ocrx_word' id='word_1_119' title='bbox 850 1424 938 1460; x_wconf 77' lang='lat' dir='ltr'>itin.</span> <span class='ocrx_word' id='word_1_120' title='bbox 968 1422 1043 1461; x_wconf 86' lang='grc' dir='ltr'>ΙΙΙ.</span> <span class='ocrx_word' id='word_1_121' title='bbox 1073 1421 1246 1476; x_wconf 79' lang='lat' dir='ltr'>append.</span> <span class='ocrx_word' id='word_1_122' title='bbox 1278 1436 1317 1475; x_wconf 85' lang='lat' dir='ltr'>p.</span> <span class='ocrx_word' id='word_1_123' title='bbox 1350 1427 1442 1472; x_wconf 80' lang='lat'>703.</span> <span class='ocrx_word' id='word_1_124' title='bbox 1473 1436 1510 1460; x_wconf 87' lang='lat' dir='ltr'>n.</span> <span class='ocrx_word' id='word_1_125' title='bbox 1541 1425 1604 1472; x_wconf 81' lang='lat'>39.</span> <span class='ocrx_word' id='word_1_126' title='bbox 1635 1420 1741 1461; x_wconf 79' lang='lat' dir='ltr'>Nov.</span> 
     </span>
     <span class='ocr_line' id='line_1_17' title="bbox 336 1495 1738 1550; baseline -0.001 -14"><span class='ocrx_word' id='word_1_127' title='bbox 336 1496 431 1536; x_wconf 77' lang='lat' dir='ltr'>Act.</span> <span class='ocrx_word' id='word_1_128' title='bbox 462 1496 567 1535; x_wconf 83' lang='lat' dir='ltr'>Petr.</span> <span class='ocrx_word' id='word_1_129' title='bbox 598 1496 630 1533; x_wconf 89' lang='lat' dir='ltr'>I.</span> <span class='ocrx_word' id='word_1_130' title='bbox 663 1510 701 1550; x_wconf 83' lang='lat' dir='ltr'>p.</span> <span class='ocrx_word' id='word_1_131' title='bbox 733 1502 824 1537; x_wconf 82' lang='lat'>355.</span> <span class='ocrx_word' id='word_1_132' title='bbox 855 1496 935 1536; x_wconf 76' lang='lat' dir='ltr'>tab.</span> <span class='ocrx_word' id='word_1_133' title='bbox 972 1514 1031 1536; x_wconf 88' lang='lat'>11.</span> <span class='ocrx_word' id='word_1_134' title='bbox 1058 1497 1133 1550; x_wconf 70' lang='lat' dir='ltr'>fig.</span> <span class='ocrx_word' id='word_1_135' title='bbox 1165 1502 1202 1536; x_wconf 86' lang='grc'>8.</span> <span class='ocrx_word' id='word_1_136' title='bbox 1232 1513 1270 1547; x_wconf 85' lang='lat'>9.</span> <span class='ocrx_word' id='word_1_137' title='bbox 1327 1496 1497 1537; x_wconf 82' lang='lat' dir='ltr'>Gmelin.</span> <span class='ocrx_word' id='word_1_138' title='bbox 1528 1506 1633 1550; x_wconf 74' lang='lat' dir='ltr'>syst.</span> <span class='ocrx_word' id='word_1_139' title='bbox 1661 1495 1738 1535; x_wconf 90' lang='lat' dir='ltr'>III.</span> 
     </span>
     <span class='ocr_line' id='line_1_18' title="bbox 332 1576 708 1624; baseline -0.003 -15"><span class='ocrx_word' id='word_1_140' title='bbox 332 1586 372 1624; x_wconf 85' lang='lat' dir='ltr'>p.</span> <span class='ocrx_word' id='word_1_141' title='bbox 408 1578 522 1619; x_wconf 72' lang='lat'>1420.</span> <span class='ocrx_word' id='word_1_142' title='bbox 553 1584 612 1623; x_wconf 78' lang='lat' dir='ltr'>sp.</span> <span class='ocrx_word' id='word_1_143' title='bbox 648 1576 708 1610; x_wconf 83' lang='lat'>13.</span> 
     </span>
     <span class='ocr_line' id='line_1_19' title="bbox 280 1643 1703 1699; baseline -0.001 -14"><span class='ocrx_word' id='word_1_144' title='bbox 280 1644 448 1685; x_wconf 84' lang='lat' dir='ltr'>Confer.</span> <span class='ocrx_word' id='word_1_145' title='bbox 479 1643 647 1684; x_wconf 87' lang='lat' dir='ltr'>iconem</span> <span class='ocrx_word' id='word_1_146' title='bbox 676 1644 825 1685; x_wconf 82' lang='lat' dir='ltr'>Tilesii</span> <span class='ocrx_word' id='word_1_147' title='bbox 853 1647 957 1685; x_wconf 77' lang='lat' dir='ltr'>Tab.</span> <span class='ocrx_word' id='word_1_148' title='bbox 988 1648 1081 1684; x_wconf 90' lang='lat' dir='ltr'>XV.</span> <span class='ocrx_word' id='word_1_149' title='bbox 1111 1646 1177 1699; x_wconf 82' lang='lat' dir='ltr'>fig.</span> <span class='ocrx_word' id='word_1_150' title='bbox 1202 1661 1232 1693; x_wconf 89' lang='lat'>1,</span> <span class='ocrx_word' id='word_1_151' title='bbox 1252 1661 1288 1692; x_wconf 87' lang='lat'>2,</span> <span class='ocrx_word' id='word_1_152' title='bbox 1306 1652 1342 1694; x_wconf 78' lang='lat'>3,</span> <span class='ocrx_word' id='word_1_153' title='bbox 1360 1654 1397 1695; x_wconf 69' lang='lat'>4,</span> <span class='ocrx_word' id='word_1_154' title='bbox 1415 1652 1452 1687; x_wconf 87' lang='lat'>5.</span> <span class='ocrx_word' id='word_1_155' title='bbox 1483 1645 1703 1699; x_wconf 82' lang='lat' dir='ltr'>adjectam.</span> 
     </span>
     <span class='ocr_line' id='line_1_20' title="bbox 173 1717 1196 1773; baseline -0.004 -13"><span class='ocrx_word' id='word_1_156' title='bbox 173 1717 316 1761; x_wconf 82' lang='lat' dir='ltr'>Rossis</span> <span class='ocrx_word' id='word_1_157' title='bbox 344 1718 388 1758; x_wconf 91' lang='lat' dir='ltr'>in</span> <span class='ocrx_word' id='word_1_158' title='bbox 418 1717 572 1757; x_wconf 85' lang='lat' dir='ltr'>Dauria</span> <span class='ocrx_word' id='word_1_159' title='bbox 602 1733 623 1757; x_wconf 88' lang='lat' dir='ltr'>a</span> <span class='ocrx_word' id='word_1_160' title='bbox 652 1718 868 1758; x_wconf 82' lang='lat' dir='ltr'>celeritate</span> <span class='ocrx_word' id='word_1_161' title='bbox 897 1721 987 1760; x_wconf 88' lang='grc' dir='ltr'>Κὸη</span> <span class='ocrx_word' id='word_1_162' title='bbox 1015 1722 1196 1773; x_wconf 84' lang='lat' dir='ltr'>(equus).</span> 
     </span>
     <span class='ocr_line' id='line_1_21' title="bbox 169 1791 1366 1848; baseline 0 -14"><span class='ocrx_word' id='word_1_163' title='bbox 169 1793 323 1834; x_wconf 82' lang='lat' dir='ltr'>Jacutis</span> <span class='ocrx_word' id='word_1_164' title='bbox 352 1804 393 1833; x_wconf 88' lang='lat' dir='ltr'>et</span> <span class='ocrx_word' id='word_1_165' title='bbox 421 1791 625 1847; x_wconf 80' lang='lat' dir='ltr'>Tungusis</span> <span class='ocrx_word' id='word_1_166' title='bbox 656 1793 707 1832; x_wconf 88' lang='lat' dir='ltr'>ad</span> <span class='ocrx_word' id='word_1_167' title='bbox 736 1793 923 1848; x_wconf 87' lang='lat' dir='ltr'>Covyma</span> <span class='ocrx_word' id='word_1_168' title='bbox 952 1795 991 1834; x_wconf 79' lang='lat' dir='ltr'>fl.</span> <span class='ocrx_word' id='word_1_169' title='bbox 1027 1795 1366 1834; x_wconf 68' lang='lat' dir='ltr'>Tschokutschdn.</span> 
     </span>
    </p>
   </div>
   <div class='ocr_carea' id='block_1_5' title="bbox 164 1867 1730 1997">
    <p class='ocr_par' dir='ltr' id='par_1_5' title="bbox 164 1867 1730 1997">
     <span class='ocr_line' id='line_1_22' title="bbox 164 1867 618 1921; baseline -0.007 -12"><span class='ocrx_word' id='word_1_170' title='bbox 164 1868 366 1921; x_wconf 78' lang='lat' dir='ltr'>Jucagins</span> <span class='ocrx_word' id='word_1_171' title='bbox 396 1867 618 1907; x_wconf 79' lang='lat' dir='ltr'>Onutscha.</span> 
     </span>
     <span class='ocr_line' id='line_1_23' title="bbox 196 1940 1730 1997; baseline 0.001 -15"><span class='ocrx_word' id='word_1_172' title='bbox 196 1941 309 1982; x_wconf 84' lang='lat' dir='ltr'>Mihi</span> <span class='ocrx_word' id='word_1_173' title='bbox 337 1940 518 1997; x_wconf 87' lang='lat' dir='ltr'>primum</span> <span class='ocrx_word' id='word_1_174' title='bbox 548 1943 788 1982; x_wconf 85' lang='lat' dir='ltr'>observatus</span> <span class='ocrx_word' id='word_1_175' title='bbox 824 1942 867 1982; x_wconf 91' lang='lat' dir='ltr'>in</span> <span class='ocrx_word' id='word_1_176' title='bbox 906 1943 1042 1984; x_wconf 84' lang='lat' dir='ltr'>fluviis</span> <span class='ocrx_word' id='word_1_177' title='bbox 1070 1944 1277 1985; x_wconf 80' lang='lat' dir='ltr'>Dauuriae</span> <span class='ocrx_word' id='word_1_178' title='bbox 1308 1958 1445 1984; x_wconf 81' lang='lat' dir='ltr'>versus</span> <span class='ocrx_word' id='word_1_179' title='bbox 1476 1946 1607 1984; x_wconf 81' lang='lat' dir='ltr'>Amur</span> <span class='ocrx_word' id='word_1_180' title='bbox 1636 1958 1730 1984; x_wconf 87' lang='lat' dir='ltr'>con·</span> 
     </span>
    </p>
   </div>
   <div class='ocr_carea' id='block_1_6' title="bbox 51 2016 1730 2444">
    <p class='ocr_par' dir='ltr' id='par_1_6' title="bbox 51 2016 1730 2444">
     <span class='ocr_line' id='line_1_24' title="bbox 59 2016 1730 2075; baseline 0 -16"><span class='ocrx_word' id='word_1_181' title='bbox 59 2017 293 2066; x_wconf 84' lang='lat' dir='ltr'>fluentibus,</span> <span class='ocrx_word' id='word_1_182' title='bbox 323 2016 477 2057; x_wconf 84' lang='lat' dir='ltr'>deinde</span> <span class='ocrx_word' id='word_1_183' title='bbox 504 2030 527 2056; x_wconf 88' lang='lat' dir='ltr'>e</span> <span class='ocrx_word' id='word_1_184' title='bbox 558 2019 670 2056; x_wconf 85' lang='lat' dir='ltr'>Lena</span> <span class='ocrx_word' id='word_1_185' title='bbox 699 2027 741 2057; x_wconf 85' lang='lat' dir='ltr'>et</span> <span class='ocrx_word' id='word_1_186' title='bbox 770 2018 956 2073; x_wconf 83' lang='lat' dir='ltr'>Covyma</span> <span class='ocrx_word' id='word_1_187' title='bbox 986 2021 1026 2060; x_wconf 89' lang='lat' dir='ltr'>fl.</span> <span class='ocrx_word' id='word_1_188' title='bbox 1057 2019 1223 2075; x_wconf 84' lang='lat' dir='ltr'>accepi,</span> <span class='ocrx_word' id='word_1_189' title='bbox 1252 2019 1325 2060; x_wconf 79' lang='lat' dir='ltr'>ubi</span> <span class='ocrx_word' id='word_1_190' title='bbox 1354 2019 1468 2059; x_wconf 88' lang='lat' dir='ltr'>omni</span> <span class='ocrx_word' id='word_1_191' title='bbox 1499 2018 1595 2058; x_wconf 85' lang='lat' dir='ltr'>anni</span> <span class='ocrx_word' id='word_1_192' title='bbox 1627 2030 1730 2059; x_wconf 86' lang='lat' dir='ltr'>tem·</span> 
     </span>
     <span class='ocr_line' id='line_1_25' title="bbox 54 2090 1729 2149; baseline -0.001 -16"><span class='ocrx_word' id='word_1_193' title='bbox 54 2107 155 2149; x_wconf 87' lang='lat' dir='ltr'>pore</span> <span class='ocrx_word' id='word_1_194' title='bbox 204 2092 396 2145; x_wconf 82' lang='lat' dir='ltr'>frequens</span> <span class='ocrx_word' id='word_1_195' title='bbox 442 2104 530 2130; x_wconf 84' lang='lat' dir='ltr'>esse</span> <span class='ocrx_word' id='word_1_196' title='bbox 568 2090 747 2140; x_wconf 83' lang='lat' dir='ltr'>dicitur,</span> <span class='ocrx_word' id='word_1_197' title='bbox 789 2107 922 2148; x_wconf 84' lang='lat' dir='ltr'>aeque</span> <span class='ocrx_word' id='word_1_198' title='bbox 959 2109 1005 2135; x_wconf 75' lang='lat' dir='ltr'>ac</span> <span class='ocrx_word' id='word_1_199' title='bbox 1039 2094 1082 2134; x_wconf 91' lang='lat' dir='ltr'>in</span> <span class='ocrx_word' id='word_1_200' title='bbox 1119 2097 1271 2135; x_wconf 86' lang='lat' dir='ltr'>fluente</span> <span class='ocrx_word' id='word_1_201' title='bbox 1311 2094 1523 2148; x_wconf 71' lang='lat' dir='ltr'>Indigirka</span> <span class='ocrx_word' id='word_1_202' title='bbox 1562 2098 1729 2147; x_wconf 80' lang='lat' dir='ltr'>ejusque</span> 
     </span>
     <span class='ocr_line' id='line_1_26' title="bbox 55 2164 1726 2221; baseline 0 -13"><span class='ocrx_word' id='word_1_203' title='bbox 55 2165 287 2209; x_wconf 79' lang='lat' dir='ltr'>collaterali</span> <span class='ocrx_word' id='word_1_204' title='bbox 315 2164 504 2220; x_wconf 87' lang='lat' dir='ltr'>lapidoso</span> <span class='ocrx_word' id='word_1_205' title='bbox 532 2166 682 2218; x_wconf 82' lang='lat' dir='ltr'>Dogdo</span> <span class='ocrx_word' id='word_1_206' title='bbox 701 2196 711 2215; x_wconf 93' lang='lat'>,</span> <span class='ocrx_word' id='word_1_207' title='bbox 753 2166 919 2221; x_wconf 79' lang='lat' dir='ltr'>ignotus</span> <span class='ocrx_word' id='word_1_208' title='bbox 947 2180 1156 2209; x_wconf 81' lang='lat' dir='ltr'>caeterum</span> <span class='ocrx_word' id='word_1_209' title='bbox 1185 2169 1229 2209; x_wconf 85' lang='lat' dir='ltr'>in</span> <span class='ocrx_word' id='word_1_210' title='bbox 1260 2168 1518 2209; x_wconf 75' lang='lat' dir='ltr'>citerioribus</span> <span class='ocrx_word' id='word_1_211' title='bbox 1549 2167 1726 2208; x_wconf 78' lang='lat' dir='ltr'>Sibiriae</span> 
     </span>
     <span class='ocr_line' id='line_1_27' title="bbox 57 2238 1723 2297; baseline 0.001 -16"><span class='ocrx_word' id='word_1_212' title='bbox 57 2240 206 2281; x_wconf 84' lang='lat' dir='ltr'>fluviis.</span> <span class='ocrx_word' id='word_1_213' title='bbox 264 2243 377 2280; x_wconf 85' lang='lat' dir='ltr'>Naso</span> <span class='ocrx_word' id='word_1_214' title='bbox 407 2240 536 2279; x_wconf 84' lang='lat' dir='ltr'>forma</span> <span class='ocrx_word' id='word_1_215' title='bbox 565 2238 715 2293; x_wconf 79' lang='lat' dir='ltr'>capitis</span> <span class='ocrx_word' id='word_1_216' title='bbox 746 2242 927 2283; x_wconf 79' lang='lat' dir='ltr'>maxime</span> <span class='ocrx_word' id='word_1_217' title='bbox 958 2244 1165 2285; x_wconf 82' lang='lat' dir='ltr'>assimilis.</span> <span class='ocrx_word' id='word_1_218' title='bbox 1211 2249 1256 2283; x_wconf 84' lang='lat' dir='ltr'>In</span> <span class='ocrx_word' id='word_1_219' title='bbox 1285 2246 1461 2291; x_wconf 86' lang='lat' dir='ltr'>Onone,</span> <span class='ocrx_word' id='word_1_220' title='bbox 1495 2243 1651 2297; x_wconf 77' lang='lat' dir='ltr'>Ingoda</span> <span class='ocrx_word' id='word_1_221' title='bbox 1681 2253 1723 2282; x_wconf 86' lang='lat' dir='ltr'>et</span> 
     </span>
     <span class='ocr_line' id='line_1_28' title="bbox 58 2313 1722 2374; baseline 0.001 -19"><span class='ocrx_word' id='word_1_222' title='bbox 58 2314 225 2356; x_wconf 84' lang='lat' dir='ltr'>Schilka</span> <span class='ocrx_word' id='word_1_223' title='bbox 257 2313 372 2355; x_wconf 87' lang='lat' dir='ltr'>omni</span> <span class='ocrx_word' id='word_1_224' title='bbox 400 2325 586 2370; x_wconf 88' lang='lat' dir='ltr'>tempore</span> <span class='ocrx_word' id='word_1_225' title='bbox 617 2314 714 2354; x_wconf 84' lang='lat' dir='ltr'>anni</span> <span class='ocrx_word' id='word_1_226' title='bbox 744 2314 789 2354; x_wconf 88' lang='lat' dir='ltr'>in</span> <span class='ocrx_word' id='word_1_227' title='bbox 819 2317 922 2358; x_wconf 85' lang='lat' dir='ltr'>retia</span> <span class='ocrx_word' id='word_1_228' title='bbox 961 2319 1137 2369; x_wconf 84' lang='lat' dir='ltr'>incidit,</span> <span class='ocrx_word' id='word_1_229' title='bbox 1182 2320 1253 2359; x_wconf 80' lang='lat' dir='ltr'>sed</span> <span class='ocrx_word' id='word_1_230' title='bbox 1291 2330 1460 2374; x_wconf 83' lang='lat' dir='ltr'>propter</span> <span class='ocrx_word' id='word_1_231' title='bbox 1497 2316 1722 2357; x_wconf 67' lang='lat' dir='ltr'>natationis</span> 
     </span>
     <span class='ocr_line' id='line_1_29' title="bbox 51 2388 1720 2444; baseline 0.001 -14"><span class='ocrx_word' id='word_1_232' title='bbox 51 2389 318 2432; x_wconf 74' lang='lat' dir='ltr'>velocitatem</span> <span class='ocrx_word' id='word_1_233' title='bbox 348 2399 471 2444; x_wconf 82' lang='lat' dir='ltr'>captu</span> <span class='ocrx_word' id='word_1_234' title='bbox 500 2388 695 2441; x_wconf 81' lang='lat' dir='ltr'>difficilis,</span> <span class='ocrx_word' id='word_1_235' title='bbox 727 2389 807 2431; x_wconf 78' lang='lat' dir='ltr'>nisi</span> <span class='ocrx_word' id='word_1_236' title='bbox 836 2391 881 2432; x_wconf 91' lang='lat' dir='ltr'>in</span> <span class='ocrx_word' id='word_1_237' title='bbox 911 2394 1048 2434; x_wconf 81' lang='lat' dir='ltr'>coecis</span> <span class='ocrx_word' id='word_1_238' title='bbox 1074 2394 1195 2434; x_wconf 79' lang='lat' dir='ltr'>ramis</span> <span class='ocrx_word' id='word_1_239' title='bbox 1211 2394 1440 2434; x_wconf 78' lang='lat' dir='ltr'>fluminum.</span> <span class='ocrx_word' id='word_1_240' title='bbox 1472 2396 1519 2432; x_wconf 82' lang='lat' dir='ltr'>In</span> <span class='ocrx_word' id='word_1_241' title='bbox 1535 2393 1720 2434; x_wconf 76' lang='lat' dir='ltr'>Lacubus</span> 
     </span>
    </p>
   </div>
   <div class='ocr_carea' id='block_1_7' title="bbox 1234 2476 1281 2520">
    <p class='ocr_par' dir='ltr' id='par_1_7' title="bbox 1234 2476 1281 2520">
     <span class='ocr_line' id='line_1_30' title="bbox 1234 2476 1281 2520; baseline 0 0"><span class='ocrx_word' id='word_1_242' title='bbox 1234 2476 1281 2520; x_wconf 73' lang='lat'>39</span> 
     </span>
    </p>
   </div>
  </div>
 </body>
</html>
