2185 2890
423 142 522 191 ³510
1200 158 1342 187 -b—-ffl

431 266 551 298 aristis
578 262 791 307 impeditum
818 265 952 307 piscem
977 271 1070 303 esse,
1099 265 1257 295 attamen
1284 263 1328 295 ab
1354 262 1486 296 accolis
1514 262 1697 306 Covymae
1724 264 1761 296 et
1787 261 2000 305 Tndigireae,
2029 260 2108 305 (qui

430 328 542 367 caput
569 328 709 357 tantum
735 326 771 355 in
798 324 934 356 deliciis
960 323 1116 364 habent,
1150 323 1287 370 reliqua
1313 323 1460 355 canibus
1488 324 1636 366 cedunt)
1664 334 1734 355 non
1762 323 1914 355 multum
1941 324 2106 354 aestima-

430 386 505 417 ri.“
559 386 608 416 Ut
642 383 769 415 melius
807 394 827 416 a
866 384 1062 416 lectoribus
1102 387 1176 416 tres
1214 385 1249 415 in
1288 383 1357 416 hoc
1391 385 1556 416 examine
1590 383 1750 426 prolatae
1779 385 1941 425 species,
1983 378 2107 412 Labeo

430 453 562 486 nempe
589 443 774 484 Pallassii‚
823 446 936 475 Nasus
963 443 1099 476 Blochii
1127 443 1186 476 vel
1213 444 1355 477 Alberti
1381 447 1419 475 et
1446 446 1515 485 jam
1541 443 1742 486 descriptus
1771 445 1946 474 rostratus
1971 440 2106 472 Tschu—

429 502 611 534 kutschan
638 503 755 535 dietus
782 504 952 545 distingui
979 506 1142 546 possint,
1182 514 1304 535 earum
1338 506 1459 546 capita
1491 505 1526 534 in
1551 502 1699 536 tabulae
1726 502 1888 545 adjectae
1914 504 1988 534 XV.
2016 502 2107 532 inter

431 572 470 594 se
497 564 737 605 comparanda
767 563 958 595 delineavi.
1008 565 1135 606 Figura
1169 566 1282 606 prima
1316 565 1511 606 Cyprinum
1546 567 1743 596 rostratum
1772 572 1791 593 a
1818 562 1932 594 latere
1959 561 2106 592 dimidio

429 623 689 664 magnitudinis
717 623 838 655 refert.
873 622 890 654 b
918 626 1028 665 caput
1054 624 1211 667 ejusdem
1238 623 1282 655 ab
1309 623 1479 655 inferIore
1506 627 1608 666 parte
1635 625 1761 655 visum.
1800 624 1926 664 Figura
1953 620 2108 652 secunda

430 682 582 723 Cyprini
612 682 784 715 Labeonis
811 685 919 725 caput
945 693 964 714 a
991 682 1104 715 latere
1133 687 1170 715 et
1195 686 1303 716 tertia
1330 684 1374 715 ab
1401 682 1567 715 inferiore
1595 686 1697 725 parte
1725 685 1839 714 visum
1875 691 1921 712 ex
1948 680 2109 711 Pallassii

429 741 532 772 icone
571 741 682 774 refert
721 745 846 784 Figura
885 746 1014 784 quarta
1057 744 1205 786 Cyprini
1240 747 1356 776 Nasus
1403 746 1512 785 caput
1551 751 1571 774 a
1611 742 1726 774 latere
1767 751 1814 772 ex
1841 739 1978 771 Blochii
2005 741 2107 770 icone

429 800 536 843 (Tab.
566 803 627 832 ΙΙΙ.
656 804 744 844 pise.
771 802 999 847 Germaniae)
1026 802 1243 836 delineatum
1271 803 1393 836 refert.
1459 805 1498 833 In
1526 803 1639 843 figura
1670 803 1796 844 quinta
1822 800 1976 841 denique
2005 808 2107 840 squa-

427 870 565 891 marum
580 862 725 903 Cyprini
747 864 893 894 rostrati
914 863 983 893 mei
1011 866 1190 895 structura
1216 873 1386 905 expressa
1413 866 1481 904 est,
1511 863 1559 904 a.)
1590 871 1771 908 squamam
1799 859 1908 891 refert
1936 860 2106 902 majorem

429 929 476 951 ex
499 922 626 962 pinnae
648 920 759 952 analis
786 924 930 963 regione
958 922 1112 954 solutam
1139 922 1295 954 naturali
1319 921 1562 964 magnitudine
1587 921 1633 964 b.)
1663 920 1811 952 eandem
1841 921 1945 949 aucta
1971 919 2106 959 magni-

428 979 555 1010 tudine
583 982 627 1021 s.)
656 990 840 1022 squamam
868 981 1091 1022 adjacentem
1119 992 1166 1012 ex
1193 981 1315 1013 ordine
1341 991 1566 1027 squamarum
1594 981 1724 1012 lineam
1747 978 1932 1011 lateralem
1952 977 2107 1008 forman-

428 1040 517 1070 tium
547 1040 702 1070 naturali
729 1040 973 1081 magnitudine
999 1040 1048 1081 d.)
1076 1043 1180 1072 aucta
1207 1040 1449 1082 magnitudine
1477 1040 1623 1080 eadem,
1649 1041 1685 1070 in
1712 1049 1781 1081 qua
1803 1040 1954 1069 incisura
1974 1036 2107 1068 canali-

427 1097 548 1130 culata
574 1101 746 1141 poi-tionis
774 1101 935 1141 posticae
963 1099 1098 1132 liberae
1132 1099 1374 1141 adjacentibus
1410 1102 1564 1142 squamis
1592 1100 1783 1142 impositae
1811 1100 1845 1128 in
1872 1099 2105 1140 conspectum

427 1160 551 1191 venit:
580 1164 715 1199 puncta
742 1161 948 1202 portionem
976 1169 1144 1202 squamae
1172 1159 1323 1191 liberam
1350 1170 1421 1193 non
1449 1160 1632 1193 obtectam
1658 1159 1827 1191 indicant.

866 1282 1434 1328 218.CYPR1NUS
1489 1286 1669 1327 Persa.

565 1375 614 1416 C.
646 1375 1024 1430 macrolepidotus,
1054 1390 1123 1415 ore
1154 1375 1312 1425 infero,
1345 1375 1471 1431 pinna
1500 1375 1568 1415 ani
1599 1374 2006 1416 octodecimradiata.

649 1449 855 1504 Cyprinus
887 1453 1029 1500 Persa,
1064 1452 1233 1491 Gmelin.
1257 1455 1342 1508 jun,
1373 1456 1459 1491 itin.
1494 1454 1570 1492 III.
1601 1469 1640 1507 p.
1673 1458 1764 1492 233.

564 1526 694 1578 Hujus
723 1523 767 1563 in
800 1524 913 1579 aquis
942 1525 1105 1565 Persi-ae
1135 1525 1342 1566 observati
1371 1527 1542 1567 brevem
1581 1525 1907 1581 descriptionem
1936 1525 2103 1567 schedis

429 1601 648 1640 Gmelzni
688 1598 860 1639 invenio
901 1614 1026 1654 quam
1066 1600 1263 1649 interim,
1311 1603 1446 1643 donec
1486 1600 1634 1641 melius
1670 1600 1907 1642 innotescat
1943 1600 2103 1658 species

429 1673 598 1729 adjicio.
1978 1670 1980 1674 ⁸

570 1751 737 1792 Descr.
766 1751 1084 1802 „Dodrantalis‚
1106 1753 1246 1805 forma
1274 1752 1383 1793 inter
1411 1753 1644 1794 Alburnum
1672 1764 1715 1793 et
1743 1753 1921 1792 Barbum
1949 1751 2102 1793 media.

426 1828 593 1881 „Caput
622 1826 709 1866 fere
739 1837 783 1866 ut
814 1826 858 1865 in
888 1829 1048 1876 Barbo,
1092 1839 1222 1868 rostro
1264 1829 1495 1883 producto,
1538 1843 1609 1868 ore
1653 1828 1812 1876 infero3
1870 1828 1942 1867 sed
1973 1826 2103 1867 cirrhi

428 1901 579 1952 ,‚nulli.
640 1904 796 1956 Corpus
826 1902 1221 1957 macrolepidotum‚
1254 1915 1515 1957 argenteum,
1547 1903 2100 1952 latiusculo-lanceolatum,

425 1977 568 2026 „linea
595 1975 761 2016 laterali
809 1992 831 2015 a
876 1976 1013 2031 capite
1063 1978 1371 2027 descendente,
1418 1977 1557 2018 ventri
1592 1978 1778 2034 propiori
1817 1989 1859 2017 et
1888 1976 2101 2032 parallela.

422 2053 637 2103 „Flabella
676 2051 927 2092 brnnchialia
954 2051 1188 2092 triradiata.
1240 2053 1286 2092 P.
1315 2058 1578 2107 pectoralium
1608 2053 1714 2094 radii
1750 2060 1809 2094 16.
1840 2054 2013 2095 dorsalis
2041 2070 2100 2094 10.

423 2130 693 2177 „ventralium
725 2144 747 2178 9
788 2150 836 2158 —-
874 2143 933 2166 10.
979 2132 1047 2167 ani
1082 2145 1126 2180 17
1157 2153 1204 2158 -—
1242 2134 1300 2168 18.
1344 2139 1506 2183 praeter
1542 2129 1624 2169 duo
1656 2127 1908 2169 adminicula
1938 2128 2100 2176 antica3

426 2203 611 2252 „caudae
643 2201 828 2242 bifurcae
866 2219 925 2253 ¹9·
982 2203 1132 2243 Pinnae
1161 2201 1318 2242 inferae
1348 2205 1587 2244 rubentes.“
1617 2205 1823 2244 Gmelin.

561 2278 633 2317 No
647 2288 675 2317 t.
706 2278 812 2318 Cum
837 2277 920 2316 hoc
941 2277 1164 2318 convenire
1181 2277 1345 2317 videtur
1363 2278 1500 2333 piscis,
1523 2282 1636 2333 cujus
1653 2281 1714 2320 Cl.
1740 2279 2100 2320 Guldenscaedt

424 2351 683 2393 mentionem
725 2352 825 2393 facit
868 2355 968 2409 (pro
1001 2358 1106 2409 Cyp.
1138 2352 1338 2408 Wimba)
1377 2354 1620 2410 Georgianis
1658 2355 1848 2396 Gwelana
1884 2354 2011 2404 dicti,
2054 2353 2099 2393 in
