2185 2890
362 191 418 222 20
1126 190 1268 216 ΕΞ

695 287 1684 341 Genus1i1.LACERTAE.

494 441 752 479 Lacertarum
779 453 904 494 genus
934 438 1302 493 elegantissimum,
1361 437 1631 492 agilissimum
1660 437 1903 491 plerumque
1935 451 2019 476 mu-

359 527 469 564 tum,
513 526 554 554 et
596 514 697 553 mire
740 513 917 560 varium,
965 515 1071 569 apud
1115 528 1187 553 nos
1218 513 1344 553 etiam
1375 513 1417 552 in
1449 511 1755 552 australioribus
1785 511 2025 565 regionibus

361 589 458 629 satis
487 589 710 628 numerosis
739 588 952 643 speciebus
982 589 1178 644 pullulat,
1236 589 1330 628 dum
1362 588 1483 628 unica
1514 599 1673 626 tantum
1704 586 1747 626 in
1778 585 2024 640 septentrio-

359 664 446 704 nali
475 663 554 703 situ
584 674 841 719 propagatur.
899 664 1078 703 Videtur
1106 663 1210 703 ratio
1240 662 1359 717 hujus
1389 678 1502 710 esse,
1546 664 1656 716 quod
1686 661 1901 716 oviparae,
1950 676 2024 716 pro

360 739 601 778 maturanda
642 739 840 792 progenie
882 741 1049 778 ardente
1093 738 1220 792 magis
1266 739 1350 778 sole
1391 750 1432 778 et
1462 752 1631 777 arenoso
1661 736 1771 777 sicco
1802 737 1889 776 solo
1918 736 2028 776 iudi-

360 823 494 866 geant,
526 814 635 866 quod
667 814 859 867 exemplo
889 817 932 852 L.
965 818 1142 853 tauricae
1172 813 1417 868 praesertim
1447 814 1655 868 probatur,
1683 826 1788 865 quae
1818 811 1862 850 in
1894 811 2023 852 Cher·

361 901 505 927 soneso
535 890 690 926 taurica
721 888 820 927 olim
852 888 1206 942 frequentissima,
1250 900 1341 943 post
1372 888 1579 927 insecutos
1614 897 1695 925 tres
1726 901 1851 925 annos
1883 889 2023 938 (1803.

358 965 564 1013 -1805.)
607 963 828 1001 admodum
869 963 1078 1017 pluviosos
1119 973 1161 1001 et
1205 964 1400 1003 continua
1442 960 1690 1016 intemperie
1730 960 1924 1010 infames,
1966 961 2025 1000 ita

359 1051 467 1075 nunc
508 1035 656 1089 periit,
708 1047 752 1074 ut
795 1037 865 1075 vix
908 1052 1030 1076 unam
1074 1038 1140 1076 vel
1171 1036 1340 1075 alteram
1370 1051 1446 1091 per
1474 1037 1612 1091 plures
1642 1051 1767 1076 annos
1796 1035 1898 1076 hinc
1926 1036 2025 1076 inde

358 1112 571 1150 offendere
601 1111 779 1150 daretur.
826 1137 874 1142 -
933 1110 1140 1150 Hodierni
1187 1110 1377 1163 plerique
1409 1110 1582 1164 Zoologi
1613 1110 1693 1150 hoc
1723 1125 1850 1164 genus
1879 1110 2025 1150 ordine

360 1200 382 1224 a
404 1184 668 1238 Serpentibus
699 1185 954 1231 alienarunt3
986 1187 1057 1224 sed
1088 1184 1327 1224 continuam
1359 1185 1559 1224 familiam
1589 1199 1675 1224 esse
1704 1185 1857 1225 illustri
1885 1200 2026 1225 exem·

359 1259 431 1313 plo
460 1258 610 1297 docent
638 1259 856 1297 Clzalcz'clae
886 1259 1042 1305 dictae,
1073 1261 1241 1298 Lacerta
1270 1264 1471 1312 anguina,
1501 1261 1660 1311 Anguis
1691 1260 1802 1312 bipes
1832 1261 1882 1299 ad
1901 1259 2024 1301 Chal-

360 1332 472 1372 cidas
500 1331 653 1386 pariter
679 1332 889 1386 pertinens
919 1343 960 1371 et
989 1334 1229 1387 praesertim
1260 1332 1465 1388 descripta
1498 1349 1519 1372 a
1546 1347 1612 1371 me
1655 1335 1825 1374 Lacerta
1860 1336 2019 1389 aporia,-

359 1421 438 1446 nec
478 1408 683 1445 Anatome
728 1418 961 1461 comparata
1004 1408 1241 1461 refragatur.
1316 1408 1452 1447 Multo
1491 1407 1625 1446 minus
1655 1423 1724 1447 eos
1754 1409 2022 1459 laudaverim,

360 1481 433 1535 qui
461 1484 649 1520 Lacertas
678 1480 720 1520 in
749 1481 859 1520 varia
890 1495 1038 1534 genera
1069 1481 1369 1530 distraxerunt3
1443 1482 1604 1536 generis
1635 1483 1791 1522 etenim
1820 1485 2024 1524 naturales

359 1555 682 1605 subdivisiones,
739 1555 1044 1596 characteribus
1075 1572 1126 1596 ex
1158 1556 1304 1597 habitu
1333 1557 1617 1606 desumendis,
1662 1557 2024 1605 determinandae,

361 1631 464 1669 adeo
494 1640 583 1668 sunt
614 1630 783 1679 obviae,
828 1641 871 1670 ut
900 1631 1249 1686 multiplicatione
1279 1631 1494 1671 nominum
1523 1647 1606 1671 non
1635 1631 1919 1685 indigeamus,
1951 1648 2024 1672 nu-

360 1718 520 1743 meroso
549 1703 648 1743 licet
677 1704 719 1743 in
750 1719 912 1759 genere.
971 1709 1051 1745 Has
1081 1705 1383 1745 subdivisiones
1414 1706 1619 1746 naturales
1648 1708 1745 1746 satis
1777 1708 1882 1746 bene
1914 1706 2023 1746 indi-

361 1777 473 1817 cavit
501 1779 748 1819 Gmelinus
779 1779 822 1818 in
851 1779 1035 1820 editione
1066 1783 1287 1820 Linnaeani
1315 1786 1571 1834 systematis,
1614 1793 1658 1820 ut
1688 1796 1836 1836 paucas
1867 1781 2024 1835 species

362 1853 682 1907 transponendas
723 1868 808 1893 esse
850 1855 1033 1903 credam,
1094 1855 1250 1909 aliquas
1293 1867 1432 1895 tamen
1491 1855 1666 1895 familias
1717 1857 2023 1909 conjungendas

549 1949 600 1987 A.
631 1950 866 1989 Lacertae
898 1955 1052 2004 capite
1082 1962 1267 2000 retuso,
1326 1952 1503 1992 subtus
1533 1961 1848 2006 squamatae.

487 2047 563 2086 17.
638 2037 1031 2082 LACERTA
1103 2042 1390 2084 inimicata.
1448 2042 1577 2083 TAB.
1619 2041 1695 2082 IV.
1726 2035 1812 2098 fIg.
1855 2054 1898 2084 Ι.

494 2151 539 2188 L.
556 2151 708 2190 caudae
738 2152 999 2192 mucronibus
1027 2153 1299 2194 verticillatae
1329 2156 1567 2210 pedumque
1596 2152 1778 2208 squamis
1810 2167 2021 2193 mucrona-

360 2222 435 2272 tis,
466 2236 634 2276 corpore
664 2228 963 2275 submuricato‚
1005 2228 1262 2282 parotidibus
1294 2229 1503 2269 aculeatis.

497 2300 543 2336 In
573 2296 720 2339 itinere
755 2316 888 2341 versus
913 2301 1115 2350 Persiam,
1147 2303 1308 2342 deserto
1342 2303 1583 2358 praesertim
1616 2305 1797 2355 Mogano
1836 2302 2021 2342 observa-

359 2381 445 2413 tam
473 2374 793 2416 communicavit
820 2377 1171 2433 Pharmacopoeus
1199 2377 1542 2418 Astrachanensis
1574 2378 1614 2417 S.
1642 2377 1897 2417 Swenson.
