2185 2890
364 181 465 230 ⁴340
1155 185 1298 210 -····=--

376 291 517 346 plures
549 287 843 335 annos'vixit3
889 286 1020 326 immo
1050 286 1186 340 Mugil
1215 285 1443 340 Cephalus,
1485 282 1612 339 piscis
1644 282 1883 339 pelagicus,
1915 280 1960 322 in
1992 281 2067 324 Ca-

377 365 464 405 nali
492 379 624 421 prope
658 365 866 417 Kiclmelly
907 362 951 402 in
992 362 1210 418 provincia
1240 359 1545 410 Cannarthen,
1591 371 1706 401 aestu
1747 358 1870 399 maris
1912 358 2066 408 illatus,

377 442 548 482 excluso
582 439 682 481 dein
714 439 816 480 mari
845 438 890 479 in
920 454 1025 494 aqua
1055 437 1170 478 dulci
1202 452 1279 494 per
1307 437 1445 493 plures
1475 452 1602 477 annos
1631 435 1765 486 vixit,
1816 435 1919 475 licet
1959 436 2070 476 dete-

378 517 463 558 rior
494 518 625 557 factus
655 517 859 556 videatur.
919 515 1060 556 Plures
1092 513 1219 554 etiarn
1251 511 1486 553 Truttaceis
1515 512 1649 568 pisces
1690 526 1743 552 ex
1773 522 1891 567 parte
1921 521 2068 567 sponte

381 608 452 633 sua
481 592 526 632 in
564 591 804 633 fluminibus
843 602 885 632 et
921 591 1093 631 lacubus
1131 589 1322 630 dulcibus
1361 589 1491 629 vitam
1529 599 1675 644 sponte
1714 587 1984 637 continuant,
2026 599 2071 628 ut

379 668 529 719 Fario,
560 667 836 723 Thymallus,
869 666 1052 716 Albula,
1085 666 1345 715 Salvelinus,
1375 665 1515 705 Salmo
1544 665 1752 720 Alpinus,
1782 664 1934 713 Omul,
1981 661 2070 703 alii-

381 759 489 801 que,
521 744 596 785 ubi
628 755 721 800 apta
753 742 833 783 sibi
863 742 956 782 loca
985 741 1248 782 invenerunt.
1281 767 1330 774 —
1362 742 1597 781 Adscensus
1630 740 1999 781 Salmonaceorum
2027 737 2072 778 in

350 873 352 877 Α
382 821 531 863 fluvios
562 820 686 860 certis
715 817 872 873 ingruit
903 818 1000 858 anni
1029 818 1316 873 temporibus,
1363 828 1462 857 tunc
1500 816 1725 865 videlicet,
1773 830 1900 871 quum
1936 813 2071 870 pisces

383 913 462 938 ova
492 907 536 937 et
566 896 694 935 lactes
729 894 1018 950 perfecerunt,
1064 904 1106 935 et
1136 893 1299 934 veneris
1330 892 1469 933 libido
1500 891 1699 940 accessit,
1738 907 1862 948 quam
1892 890 1936 930 in
1965 900 2076 929 ‘tran-⁴

385 972 531 1028 quillis
569 971 788 1011 fluviorum
824 969 1053 1009 recessibus
1099 970 1311 1009 celebrare
1350 979 1392 1008 et
1428 979 1522 1024 apta
1565 968 1853 1008 excludendae
1891 967 2075 1006 foeturae

384 1047 482 1089 loco
515 1046 672 1102 eligere
702 1048 862 1085 Natura
892 1044 1049 1085 docuit.
1108 1048 1194 1084 Hac
1226 1044 1324 1084 dein
1358 1043 1513 1092 functi,
1561 1045 1713 1098 partim
1751 1041 1918 1083 refectis
1950 1042 2077 1081 abun-

385 1121 501 1164 danti
537 1121 795 1163 nutrimento
829 1120 1013 1169 viribus,
1057 1136 1150 1160 cum
1192 1120 1361 1161 exclusa
1397 1120 1556 1160 foetura
1597 1119 1648 1158 ad
1686 1129 1783 1159 nota
1819 1117 1994 1158 latibula
2030 1115 2076 1157 in

385 1198 492 1240 mari
522 1198 775 1253 remigrant,
807 1196 958 1252 partim
988 1207 1029 1236 et
1058 1197 1307 1251 plerumque
1339 1195 1383 1235 in
1413 1195 1549 1235 fluviis
1581 1193 1725 1235 effoeti
1755 1205 1942 1250 pereunt.

531 1271 793 1315 Salmonacei
835 1272 998 1327 pisces,
1043 1272 1210 1326 quando
1253 1271 1424 1311 flumina
1467 1270 1699 1319 contraria,
1743 1270 1943 1310 continuo
1986 1268 2079 1308 nisu

389 1351 678 1397 adscendunt,
723 1347 846 1387 simul
889 1362 1043 1387 venere
1090 1358 1131 1387 et
1173 1346 1264 1386 nisu
1305 1346 1519 1396 enervati,
1562 1347 1667 1386 forte
1697 1357 1739 1385 et
1767 1344 1884 1385 senio
1915 1343 2075 1394 effoeti,

388 1426 523 1467 varias
555 1425 710 1466 formae
740 1433 782 1462 et
811 1422 962 1463 coloris
994 1422 1245 1462 mutationes
1276 1424 1477 1471 subeunt,
1522 1421 1785 1477 (praesertim
1814 1419 2078 1475 T1·uttacei);

389 1500 513 1542 simul
542 1515 619 1555 pro
649 1509 786 1539 aetate
815 1509 857 1539 et
894 1498 990 1538 loco
1035 1497 1191 1537 variare
1234 1499 1370 1539 solent
1412 1499 1577 1554 plures,
1621 1497 1733 1537 unde
1778 1511 1862 1536 non
1901 1495 2077 1550 exiguae

391 1586 608 1617 auctorum
637 1575 681 1614 in
713 1573 1020 1628 distinguendis
1057 1573 1472 1629 multiplicandisque
1511 1571 1756 1628 speciebus,
1800 1586 1923 1627 saepe
1953 1570 2078 1612 nimis

388 1651 502 1694 inter
543 1665 586 1691 se
624 1649 859 1699 similibus,
903 1649 1196 1698 difficultates,
1241 1649 1286 1689 in
1329 1649 1423 1689 aliis
1453 1648 1641 1703 ‘piscium
1682 1647 1902 1704 generibus
1941 1647 2076 1687 minus

390 1728 643 1783 frequentes.
702 1726 792 1766 Erit
837 1736 974 1765 autem
1020 1739 1184 1780 semper
1225 1724 1407 1764 marinus
1449 1724 1574 1781 piscis
1620 1740 1696 1777 pro
1738 1739 1882 1765 norma
1922 1722 2078 1779 speciei

389 1802 621 1845 habendus.
680 1801 837 1842 Mirum
867 1799 1037 1841 interim
1068 1811 1141 1850 est,
1175 1816 1303 1856 quum
1334 1816 1417 1841 non
1445 1816 1588 1841 omnes
1619 1800 1802 1856 quidem,
1834 1801 1909 1840 sed
1938 1800 2076 1855 plures

392 1878 620 1934 aliquando
650 1877 774 1918 simul
804 1877 1045 1917 Salmonum
1087 1877 1248 1932 species
1291 1877 1333 1917 in
1372 1877 1628 1931 procreanda
1657 1876 1775 1931 prole
1806 1887 2076 1932 occupentur,

391 1969 476 1996 non
504 1953 700 2009 prodire,
744 1953 789 1993 in
819 1963 933 1992 tanta
964 1951 1193 2002 affinitate,
1242 1967 1266 1992 e
1296 1951 1516 1993 connubiis
1547 1951 1690 1991 mixtis
1727 1950 1936 2007 hybrida,
1978 1951 2079 1992 licet

392 2031 518 2072 ovula
548 2027 827 2070 foecundandi
856 2027 1068 2075 officium,
1112 2027 1201 2068 sine
1243 2043 1416 2068 sexuum
1455 2026 1777 2081 conjunctione,
1819 2029 1923 2069 adeo
1962 2026 2078 2082 aquis

392 2117 438 2146 et
466 2106 568 2147 sorti
596 2103 863 2147 commissum
893 2103 960 2152 sit3
990 2104 1101 2158 quod
1133 2103 1359 2144 artificialis
1391 2102 1661 2144 foecundatio
1683 2119 1856 2144 ovorum
1874 2103 2076 2153 Farionis,

396 2181 689 2238 experimento
718 2179 815 2221 satis
858 2191 988 2230 noto,
1030 2179 1237 2235 probavit.
1296 2183 1455 2220 Natura
1501 2178 1626 2235 aquei
1668 2179 1874 2220 elementi
1914 2178 2075 2220 civibus

394 2256 653 2298 branchiatis
686 2257 791 2297 adeo
826 2271 1004 2297 noverca
1045 2254 1153 2306 fuit,
1197 2267 1242 2296 ut
1285 2255 1476 2311 organis,
1520 2254 1671 2310 quibus
1713 2254 1968 2296 vivicantem
2010 2253 2077 2299 ve]

398 2331 655 2373 animantem
683 2332 911 2389 primordia
945 2332 1074 2389 prolis
1114 2330 1293 2372 halitum
1330 2331 1374 2372 in
1413 2330 1548 2387 ipsum
1582 2329 1755 2371 maritae
1786 2330 1981 2386 conjugio
2011 2343 2077 2384 ge-

397 2405 509 2447 niale
541 2423 684 2450 arvum
724 2408 953 2451 immittere
990 2407 1184 2450 masculis
1220 2408 1393 2449 aliarum
1434 2407 1629 2449 classium
1661 2407 1852 2463 voluptas
1887 2404 2079 2460 contigit,
