2185 2890
861 182 1004 204 Ξ
1684 171 1773 210 555

92 299 175 324 non
205 283 310 324 ultra
340 281 510 322 tertium
542 295 694 321 annum
721 279 889 329 vivere,
936 280 981 320 in
1018 280 1110 320 lacu
1140 294 1240 321 vero
1269 279 1349 321 isto
1380 280 1506 321 etiam
1535 281 1674 337 plures
1707 295 1773 320 an-

92 375 165 400 nos
195 359 422 413 adtingere.
479 357 666 397 Juniores
698 355 819 406 hujus
852 356 1072 396 varietates
1101 357 1274 397 biennes
1304 367 1346 396 et
1376 371 1527 396 annuas
1560 373 1600 395 10
1632 357 1681 395 ad
1714 364 1773 406 ¹4·

91 434 268 488 pollices
307 435 449 487 longas
491 431 662 481 habuit,
718 446 891 485 quarum
936 431 1089 484 pinnae
1127 431 1285 472 inferae
1330 442 1446 471 erant
1490 431 1771 481 ruber-rimae,

91 510 262 550 maxilla
290 508 462 548 inFerior
489 508 581 562 plus
612 506 798 547 minusve
828 507 1040 562 producta.
1109 505 1212 546 Dari
1249 505 1378 546 etiam
1421 511 1658 546 varietatem
1687 521 1771 546 non

90 584 134 624 in
162 584 242 624 isto
276 594 459 630 tantum,
488 584 560 623 sed
591 594 632 622 et
662 582 705 622 in
739 583 832 622 lacu
863 581 1022 621 insulae
1054 582 1235 636 Caraga,
1265 581 1464 636 perquam
1495 580 1695 635 gracilem
1728 591 1772 620 et

90 674 222 715 paene
252 658 554 713 ferrugineam,
593 657 681 698 sine
711 657 908 706 maculis,
952 658 1083 697 forma
1113 673 1135 696 a
1165 657 1287 697 solita
1317 656 1628 696 alienissimam.
1688 658 1770 696 Has

89 745 206 790 putat
237 749 322 773 esse
353 733 578 788 hybridas,
620 734 664 773 in
694 734 787 773 lacu
816 743 957 781 natam,
1006 731 1309 773 adulteratione
1340 746 1512 772 ovorum
1545 730 1770 772 Callaridis

90 826 112 849 a
144 821 348 864 spermate
379 809 583 850 Salmonis
612 808 943 863 sanguinolenti,
987 811 1101 857 cujus
1144 807 1328 862 speciei,
1373 806 1495 847 multi
1524 806 1568 846 in
1597 807 1766 846 eosdem

88 885 225 931 lacus,
268 886 389 925 valde
431 886 541 925 elato
571 885 651 924 situ
681 884 865 940 positos,
909 883 1184 923 inundatione
1225 884 1403 936 quadam
1447 882 1600 929 maris,
1644 880 1768 921 simul

89 976 182 1001 cum
214 960 424 1001 Callaride
454 961 612 1015 perlata
631 991 641 1009 ,
680 959 922 1012 ibidemque
953 974 1061 998 nunc
1091 959 1214 998 ambo
1244 959 1439 998 videntur
1466 971 1693 1013 propagare
1726 965 1770 996 et

94 1036 272 1076 subinde
303 1050 447 1075 sexum
479 1035 669 1075 miscere.
730 1036 852 1088 Quod
885 1050 967 1074 non
998 1036 1152 1089 absque
1186 1034 1272 1074 veri
1302 1032 1442 1089 specie
1472 1043 1547 1072 est.

229 1112 349 1150 Not.
382 1128 417 1150 2.
477 1113 614 1164 Quum
654 1121 768 1159 toto,
817 1111 866 1149 ab
897 1113 1059 1165 Europa
1099 1124 1227 1164 usque
1266 1109 1310 1149 in
1345 1108 1534 1148 ultimam
1570 1106 1766 1147 Sibiriam

87 1187 322 1231 intervallo,
353 1185 505 1225 nullibi
534 1185 577 1224 in
609 1184 758 1240 alpinis
789 1185 904 1240 aquis
924 1188 1115 1226 Salvelc'ni
1145 1186 1408 1224 observatum
1440 1183 1493 1224 sit
1523 1183 1762 1238 vestigium,

88 1264 140 1302 de
170 1260 393 1301 identitate
424 1264 509 1313 ejus
539 1275 633 1300 cum
665 1260 820 1300 Callari
851 1272 991 1300 nostro
1021 1260 1202 1299 incertus
1233 1259 1412 1306 haereo,
1442 1259 1620 1313 ideoque
1650 1257 1764 1298 hunc

88 1336 209 1377 icone
242 1347 282 1376 et
312 1335 593 1391 descriptione
622 1333 842 1375 illustravi.
901 1334 1079 1374 Videtur
1113 1346 1253 1374 tamen
1281 1334 1504 1389 insequens
1532 1332 1691 1388 species
1720 1332 1766 1373 in

86 1415 205 1452 Neva
236 1413 274 1451 fl.
305 1428 326 1451 a
358 1427 422 1452 me
450 1413 687 1460 observata,
719 1410 847 1450 etiam
878 1424 966 1450 esse
996 1410 1177 1464 degener
1206 1410 1273 1450 vel
1306 1409 1549 1459 Salmarini,
1582 1408 1649 1448 vel
1680 1407 1766 1448 Sal-

89 1486 219 1526 velini
248 1487 489 1542 progenies,
534 1488 720 1544 adeoque
765 1500 853 1526 rem
897 1485 943 1526 in
985 1499 1180 1541 suspenso
1210 1484 1426 1542 relinquo,
1470 1485 1605 1526 donee
1635 1481 1763 1525 serior

85 1561 302 1603 edocuerit
331 1574 456 1604 aetas,

509 1676 623 1719 953.
671 1674 699 1716 S
721 1673 761 1716 A
781 1673 814 1715 L
836 1673 884 1715 M
905 1673 946 1714 O
984 1673 1338 1716 autumnalis

223 1789 264 1829 S.
297 1802 469 1843 corpore
499 1788 614 1828 fulvo
644 1786 867 1842 albidoque
895 1797 1094 1841 punctato
1113 1816 1123 1835 ‚
1166 1784 1339 1824 maxilla
1368 1783 1567 1825 inferiore
1596 1783 1762 1824 sublon-

84 1861 213 1920 giore,
244 1865 372 1904 cauda
403 1863 648 1912 semibifida,
678 1862 806 1918 pinna
837 1862 903 1901 ani
932 1859 1303 1910 undecimradiata,
1334 1859 1757 1902 fuscescenti—rubra.

273 1942 372 1979 PAn
403 1939 557 1980 Umbla
584 1938 734 1989 tertia,
775 1940 933 1979 Marsil.
963 1937 1126 1977 Danub.
1159 1939 1208 1977 V.
1237 1954 1276 1993 p.
1308 1944 1374 1980 83.
1404 1937 1487 1977 tab.
1521 1952 1584 1988 29.
1604 1939 1687 1990 sig.
1720 1951 1758 1975 2.

275 2014 583 2064 ?Salmarinus,
618 2016 798 2055 Salvian.
830 2030 896 2068 aq.
929 2030 968 2069 p.
1007 2030 1092 2053 101.
1130 2030 1216 2053 102.

275 2091 449 2131 ?Salmo
478 2089 756 2139 Salmarinus,
790 2092 876 2130 Lin.
909 2100 1012 2144 synt.
1044 2090 1136 2128 XII„
1166 2091 1198 2128 I.
1232 2105 1272 2142 p.
1303 2094 1393 2130 511.
1425 2103 1486 2143 sp.
1524 2104 1582 2127 10.

223 2167 368 2205 Mense
400 2165 573 2206 Octobri
620 2165 833 2206 turmatim
876 2164 920 2205 in
950 2167 1116 2205 Nevam
1156 2163 1328 2205 fluvium
1364 2165 1619 2203 adscendunt
1649 2163 1758 2204 lacte

83 2252 128 2281 et
156 2240 247 2281 ovis
280 2255 423 2295 graves
453 2251 495 2281 et
523 2240 689 2295 copiose
726 2240 769 2280 in
808 2239 912 2280 retia
949 2239 1155 2280 incidunt.
1214 2239 1328 2279 Odor
1368 2239 1637 2288 fortissimus,
1683 2238 1758 2277 sal-

86 2315 299 2363 monibus,
331 2316 537 2371 ingratus,
569 2327 614 2356 ut
643 2315 872 2371 coregonis.
904 2318 1010 2357 Caro
1041 2315 1198 2372 pallide
1228 2316 1369 2362 rubra,
1399 2314 1530 2370 magis
1559 2314 1759 2355 mollusca

80 2406 206 2446 quam
236 2390 465 2433 Huchonis.

1297 2467 1319 2490 O
