2185 2890
864 177 1008 212 -†-·,·
1674 175 1759 228 251

95 280 284 320 prominet.
331 275 431 311 Pinna
458 276 587 310 dorsalis
614 287 680 319 per
704 279 819 309 totam
848 276 943 308 dorsi
971 276 1231 320 longitudinem
1257 280 1405 309 extensa
1431 281 1579 319 angusta
1609 281 1765 310 anterius

94 342 130 369 et
158 339 262 369 radiis
297 339 336 372 13
365 341 472 370 osseis
500 339 708 369 acuminatis
735 337 1017 378 prominentibus
1045 337 1208 369 aculeata
1236 339 1411 378 posterius
1436 337 1562 378 latior,
1592 338 1697 368 radiis
1722 339 1765 378 1ss

93 397 213 428 divisis
245 399 462 440 longioribus
494 396 648 429 suffulta.
704 392 802 426 Pinna
831 396 883 426 ani
910 396 1056 428 robusta
1084 396 1246 427 undecim
1276 396 1383 426 radiis
1411 399 1635 438 composita,
1676 406 1763 438 quo-

91 468 169 488 rum
199 461 271 488 tres
300 460 433 499 priores
462 458 553 488 ossei
581 455 735 486 aculeati
762 458 799 486 et
832 454 1043 495 breviores,
1085 457 1304 497 posteriores
1338 454 1516 495 longiores
1551 459 1587 487 et
1622 455 1764 497 quadri-

88 517 218 548 furcati
258 520 348 547 sun-t.
413 518 540 547 Pinnae
580 513 730 546 dorsalis
771 524 852 556 pars
900 513 973 545 leta
1016 517 1193 556 posterior
1234 516 1360 556 pinnae
1401 514 1493 544 anali
1528 517 1695 556 opposita
1726 518 1763 546 et

88 578 275 617 utriusque
302 577 429 616 pinnae
456 575 662 607 membrana
689 574 882 617 squamulis
910 573 1098 605 imbricata
1125 577 1193 613 est,
1222 573 1319 615 quod
1347 575 1381 603 in
1409 573 1509 604 nullo
1538 572 1760 615 Epinephelo

88 646 201 677 usque
228 634 341 666 adhuc
369 635 551 677 descripto
580 637 694 666 visum
723 634 799 666 fuit.
863 629 962 664 Pinna
996 634 1136 665 candidis
1171 637 1269 665 recta
1304 633 1450 665 robusta
1477 633 1584 664 radiis
1613 632 1760 663 octode-

89 696 159 726 cim
187 695 409 735 composita,
439 705 590 736 quorum
618 697 772 736 quatuor
799 695 966 739 utrinque
996 693 1200 725 terminales
1228 695 1470 735 approximati
1498 693 1681 724 breviores
1709 693 1761 722 in·

87 757 145 785 ter
172 764 208 785 se
236 754 345 794 juncti
374 757 411 785 et
440 753 634 796 squamulls
662 753 842 784 imbricati
869 756 949 784 sunt
966 775 975 792 ,
1010 752 1128 784 medio
1155 763 1242 784 vero
1268 753 1348 783 deni
1376 751 1516 784 dilatati
1543 753 1697 784 rariores
1724 754 1761 783 et

85 811 288 855 quadrifidi.
332 811 431 845 Linea
457 814 596 845 lateralis
622 816 735 852 recta,
763 813 870 844 dorso
897 811 1083 854 parallela‚
1112 823 1182 844 non
1213 814 1247 842 in
1279 815 1458 843 structura
1486 811 1627 842 diversa
1656 820 1760 857 squa-

85 882 224 904 marum
258 872 319 902 sed
358 872 500 904 lineolis
525 872 574 915 43
605 874 815 916 inteimptis
853 872 1003 904 elevatis
1041 873 1284 904 concatenatis
1325 871 1564 903 subcutaneae
1619 874 1763 903 suturae

87 931 263 962 similibus
292 935 495 973 conspicua.

184 988 403 1023 Dimmsioncs
429 999 458 1023 et
484 1003 639 1024 mensurae
664 991 756 1037 piscis
783 992 930 1024 exsiccati
957 992 1001 1023 acl
1028 991 1160 1023 scalam
1188 990 1410 1033 anglicanam
1437 990 1542 1023 addo.

1598 1046 1709 1082 Uncia

133 1109 334 1158 Longitudo
363 1121 432 1145 tota
460 1110 502 1144 ab
529 1113 620 1157 apice
648 1113 808 1146 maxillae
832 1112 999 1145 inferioris
1026 1109 1066 1144 ad
1093 1120 1279 1143 extremam
1308 1111 1399 1156 pinn.
1429 1109 1599 1144 caudalem
1630 1111 1689 1152 16}

132 1158 331 1208 Longitudo
359 1163 472 1206 capitis
573 1181 621 1186 —
745 1178 795 1187 —
907 1182 954 1186 —
1023 1159 1064 1193 ad
1091 1171 1280 1193 extremum
1308 1158 1500 1205 operculum
1571 1180 1586 1187 -
1645 1165 1687 1203 4}-

133 1229 182 1234 —
261 1228 304 1233 —
379 1229 425 1234 —
459 1209 498 1243 ab
525 1212 616 1256 apice
644 1211 801 1244 maxillae
829 1211 1003 1256 superioris
1077 1230 1125 1234 —
1230 1228 1278 1234 —
1379 1227 1428 1233 —-
1532 1227 1546 1233 -
1645 1212 1672 1252 4.

133 1255 314 1292 Dimensio
341 1258 380 1292 ab
409 1262 499 1304 apice
526 1259 684 1293 maxillae
710 1260 875 1293 inferioris
903 1258 943 1292 ad
974 1259 1103 1291 initium
1132 1260 1255 1304 pinnae
1282 1257 1456 1303 pectoralis
1544 1277 1560 1284 -
1673 1264 1688 1296 ξ

132 1325 182 1333 —
283 1326 331 1331 -
434 1327 483 1334 —
587 1326 630 1332 —--
768 1327 815 1333 —
903 1307 943 1341 ad
972 1308 1070 1340 finem
1146 1327 1194 1333 --
1295 1325 1344 1331 —-
1506 1326 1520 1332 -
1646 1314 1687 1353 7}

131 1374 182 1381 —
285 1375 335 1382 —
434 1375 483 1383 —
584 1377 634 1383 -—-
770 1378 820 1386 —
897 1356 937 1390 ad
965 1367 1059 1389 :inum
1088 1367 1191 1402 usque
1295 1375 1309 1382 -
1461 1373 1477 1381 -
1580 1376 1594 1382 -
1670 1362 1685 1395 ὲ

131 1424 182 1430 -
285 1425 336 1432 -—
435 1424 484 1433 --
588 1424 637 1432 —
772 1425 821 1433 —
897 1405 937 1439 ad
966 1407 1097 1437 initium
1126 1407 1246 1450 pinnae
1273 1407 1325 1439 ani
1429 1423 1444 1431 -
1545 1424 1559 1430 -
1639 1415 1683 1438 10

131 1474 180 1479 *-
280 1475 330 1480 —
431 1475 479 1482 ·-—-
585 1475 635 1482 -
767 1474 820 1485 —-
895 1454 934 1489 ad
963 1457 1061 1487 finem
1151 1477 1198 1481 —
1271 1474 1319 1480 —
1419 1474 1432 1481 -
1540 1475 1556 1482 -
1639 1454 1684 1489 13

133 1523 183 1528 —
290 1522 336 1529 —
437 1526 486 1532 -—
586 1525 635 1531 -—
771 1523 820 1532 —
895 1503 935 1539 ad
961 1504 1051 1537 basin
1078 1505 1199 1549 pinnae
1226 1503 1368 1538 caudalis
1502 1524 1515 1532 -
1637 1506 1684 1548 14

133 1570 183 1575 —
232 1571 280 1577 —
340 1553 379 1587 ab
407 1556 500 1600 apice
527 1553 683 1588 maxillae
711 1556 885 1601 superioris
913 1553 954 1588 ad
981 1554 1112 1586 initium
1140 1556 1260 1600 pinnae
1287 1552 1376 1588 dorsi
1528 1573 1543 1582 -
1642 1556 1668 1596 4

135 1599 260 1635 Pinnae
289 1602 422 1636 dorsalis
450 1606 603 1636 extensio
756 1623 771 1630 -
925 1623 938 1629 -
1109 1621 1123 1627 ·
1277 1621 1293 1629 -
1473 1624 1487 1632 -
1640 1602 1682 1641 δὲ

132 1648 245 1697 Caput
272 1651 373 1686 latum
525 1673 537 1678 -
687 1671 703 1680 -
853 1672 869 1678 -
1020 1674 1035 1679 -
1192 1673 1206 1679 -
1357 1672 1372 1679 -
1513 1669 1527 1677 -
1648 1656 1683 1689 1}

134 1718 180 1725 ·—
273 1701 374 1735 altum
404 1713 449 1734 ex
477 1701 667 1735 membrana
692 1702 948 1748 branchiostega
976 1701 1015 1734 ad
1045 1701 1186 1735 nucham
1214 1714 1316 1750 usquc
1418 1721 1431 1729 -
1550 1718 1564 1725 -
1639 1700 1681 1739 δὲ

133 1747 279 1784 orbitae
306 1751 495 1784 diameter·
513 1763 618 1798 aeque
644 1763 682 1785 ac
710 1753 849 1798 spatium
878 1753 964 1784 inter
992 1750 1104 1784 oculos
1210 1769 1224 1775 -
1363 1770 1378 1778 -
1526 1768 1542 1775 -
1648 1761 1661 1782 1

130 1797 330 1848 Longitudo
358 1800 466 1835 lineae
493 1800 632 1835 lateralis
822 1819 836 1825 —
1035 1819 1049 1826 -
1255 1815 1271 1824 -
1476 1816 1491 1824 -
1622 1802 1692 1838 ¹0}-
