2185 2890
1185 155 1328 165 ...-

431 158 513 197 150

561 256 689 295 Dese
702 270 734 294 r.
763 253 1007 309 Magnitudo
1040 253 1164 306 vulgo
1195 257 1232 292 8.
1261 251 1330 291 vel
1363 268 1423 291 10.
1454 251 1671 306 pollicum.
1730 253 1863 306 Caput
1893 266 2100 307 magnum,

425 330 686 384 depressum,
731 330 1043 377 subcordatum,
1088 338 1219 367 rostro
1250 327 1415 376 obtuso,
1476 326 1672 367 lateribus
1702 327 2100 382 carnoso-gibbum,

424 405 564 444 subtus
593 419 783 445 convexo
801 403 1154 459 -planiusculum,
1192 417 1311 456 supra
1341 401 1573 456 inaequale.
1632 403 1691 442 Os
1719 405 1931 450 obtusum,
1976 402 2102 442 labris

426 478 626 528 carnosis,
659 479 878 525 mollibus;
916 482 1087 519 maxilla
1117 480 1279 530 inferior
1308 478 1439 516 multo
1470 476 1669 532 amplior,
1701 489 1874 532 utraque
1903 477 2100 517 interiore

424 553 628 607 margine,
671 554 734 593 uti
763 566 804 593 et
831 556 990 604 fauces,
1035 551 1257 594 denticulis
1288 552 1456 591 minutis
1487 552 1707 592 confertim
1738 564 1972 607 asperatae3
2011 554 2100 591 Lin-

420 644 508 683 gua
537 643 717 679 carnosa,
749 631 901 678 mollis,
933 629 1118 678 inermis,
1149 626 1391 668 inferiorem
1421 628 1635 667 maxillam
1666 627 1888 668 latitudine
1912 629 2098 682 explens,

427 703 675 759 spathulata.
734 706 853 746 Oculi
883 706 1121 754 subovales,
1151 703 1195 743 in
1224 701 1381 742 vertice
1411 703 1632 752 distantes,
1672 715 1766 743 cute
1797 704 2005 742 maculosa
2036 704 2100 743 ad-

424 789 519 818 nata
548 794 675 834 usque
706 781 757 820 ad
786 781 989 836 pupillam
1018 777 1276 835 palpebrati3
1307 779 1408 818 iride
1438 789 1600 828 aurata,
1633 780 1685 818 ad
1715 778 1965 833 pupillarem
1997 794 2100 818 mar-

425 853 565 907 ginem
596 866 788 908 argentea
818 858 891 896 sub
931 854 1163 911 palpebrali
1199 864 1293 893 cute
1329 855 1572 908 subcuprea.
1643 854 1847 909 Opere-ula
1882 853 2101 894 branchia-

426 942 514 968 rum
547 944 732 978 carnosa,
778 945 989 977 convexa,
1020 930 1250 975 maculosa,
1280 930 1331 968 ad
1360 928 1506 982 pinnas
1538 931 1767 984 pectorales
1796 928 1983 977 hiantia3
2018 933 2099 981 fla·

427 1003 574 1043 bellum
603 1004 844 1045 branchiale
874 1003 1285 1059 quinqueradiatum,
1343 1005 1438 1043 laxa
1476 1005 1587 1058 pelle
1627 1004 1783 1044 isthmo
1821 1005 1941 1058 gulae
1980 1006 2100 1043 adna-

427 1088 528 1118 tum.
594 1080 716 1119 Radii
745 1091 826 1120 tres
856 1079 982 1135 primi
1012 1078 1191 1134 margini
1219 1078 1407 1134 operculi
1434 1078 1644 1133 paralleli,
1702 1079 1876 1128 arcuati,
1935 1090 2100 1133 quartus

429 1152 547 1207 apice
578 1154 775 1195 deflexus,
831 1157 1019 1204 Saturae,
1080 1169 1103 1194 e
1146 1153 1310 1210 punctis
1351 1153 1397 1193 in
1440 1154 1553 1193 sulco
1596 1154 1841 1208 prominulis
1880 1153 1922 1193 in
1962 1155 2098 1209 capito

427 1227 644 1281 plurimae,
676 1230 749 1269 sub
779 1230 910 1269 oculis
940 1231 1131 1269 deorsum
1161 1229 1423 1283 divergentes
1454 1239 1495 1268 et
1524 1228 1567 1267 in
1597 1229 1738 1269 buccis
1769 1229 2098 1283 longhudinzdis,

430 1316 453 1339 a
481 1317 560 1355 qua
588 1304 726 1357 plures
755 1306 906 1359 angulo
935 1315 1050 1345 recto
1081 1305 1359 1352 descendunt,
1410 1319 1570 1359 sparsae
1599 1305 1745 1344 breves
1774 1319 1892 1360 supra
1924 1314 2099 1344 rostrum

429 1375 541 1415 etin
571 1377 725 1427 nucha,
782 1394 954 1433 quarum
996 1380 1077 1419 duo
1119 1380 1170 1418 ad
1211 1379 1417 1418 dorsalem
1457 1378 1628 1433 pinnam
1674 1390 1910 1419 excurrunt.
1968 1380 2098 1420 Nares

429 1449 620 1505 utrinque
652 1454 751 1503 (1110,
783 1455 925 1495 lobulo
955 1466 1126 1495 61113660
1155 1456 1360 1495 obtectae.
1392 1480 1441 1485 —
1472 1455 1628 1509 Corpus
1657 1470 1680 1494 a
1708 1453 1847 1508 pinnis
1877 1454 2099 1509 pectorali-

428 1526 503 1563 bus
544 1526 803 1579 decrescens,
872 1529 1053 1584 primum
1094 1528 1641 1578 tereti·subventricosum,
1712 1528 2095 1584 depressiusculum‚

428 1598 526 1639 dein
557 1602 608 1640 ad
638 1605 810 1644 caudam
839 1604 1299 1659 tereti-compressum.
1369 1605 1570 1659 Squamae
1605 1604 1878 1654 minusculae,
1936 1605 2096 1655 molles,

427 1677 689 1726 rotundatae‚
735 1677 807 1718 vix
837 1678 1054 1719 evidenter
1082 1679 1363 1720 denticulatae
1394 1690 1436 1719 et
1465 1679 1779 1734 asperiusculae.
1836 1682 1985 1734 Ligula
2014 1694 2097 1719 car-

427 1763 525 1789 nosa
553 1751 884 1804 conico-acuta,
942 1753 1053 1794 inter
1088 1769 1210 1794 anum
1248 1766 1290 1795 et
1326 1753 1460 1794 sinum
1499 1765 1592 1793 ante
1627 1754 1798 1809 pinnam
1836 1755 2011 1795 analem.
2041 1779 2096 1786 —

425 1825 575 1866 Pinnae
603 1833 823 1882 pectorales
852 1828 1098 1876 latissimae,
1155 1829 1245 1869 basi
1274 1845 1427 1884 parum
1449 1842 1668 1877 carnosae,
1724 1831 1991 1879 rotundatae,
2049 1830 2094 1870 in

425 1899 619 1941 foeminis
649 1903 774 1943 radiis
802 1905 1078 1950 sulvescente,
1134 1904 1294 1944 annulis
1331 1903 1550 1957 strigisque
1587 1904 1828 1945 transversis
1857 1904 1993 1955 flavis,
2049 1905 2093 1945 in

424 1976 615 2017 masculis
654 1978 1027 2028 (numerosioribus
1056 1989 1098 2018 et
1127 1978 1381 2032 minoribus)
1418 1992 1607 2032 gryseae,
1665 1979 1791 2019 radiis
1821 1980 1997 2021 robustis
2034 1987 2092 2022 18.

423 2050 491 2089 vel
528 2070 584 2102 ¹9·
615 2068 774 2093 summo
804 2052 1062 2094 brevissimo.
1101 2055 1230 2094 Pinna
1258 2056 1448 2094 neutralis
1481 2052 1742 2104 orbicularis,
1774 2070 1924 2105 crassa,
1957 2054 2092 2095 antice

423 2125 475 2163 ad
505 2126 621 2166 basin
652 2131 760 2180 plica
787 2139 1018 2168 transversa
1047 2143 1203 2168 crassae
1234 2128 1338 2168 cutis
1367 2127 1687 2176 infundibulata,
1717 2131 1910 2171 masculis
1940 2130 2090 2178 albida,

424 2199 629 2240 foeminae
661 2204 890 2251 rufescens,
951 2203 1181 2258 composita
1209 2204 1338 2243 radiis
1373 2221 1431 2243 ιο.
1463 2204 1993 2253 multifido-dichotomis,
2050 2217 2093 2245 et

421 2273 613 2328 utrinque
647 2277 807 2317 extimo
837 2289 1050 2325 truncato,
1108 2278 1176 2318 cui
1217 2278 1328 2333 plica
1365 2278 1442 2318 ista
1482 2280 1643 2320 adnata.
1715 2282 1759 2320 P.
1790 2282 1899 2321 dorsi
1926 2281 2039 2335 prior
2068 2294 2089 2320 e

424 2347 549 2387 radiis
579 2365 650 2390 sex
680 2351 960 2407 simplicibus,
1020 2353 1170 2404 acutis,
1225 2353 1506 2404 flexibilibus,
1552 2356 1658 2395 flavo
1687 2356 1891 2397 annulatis
1918 2355 2090 2408 maculis
