2185 2890
440 165 531 208 280
1211 171 1354 198 Ε

573 275 747 316 Descr.
805 275 852 314 L.
883 273 1175 327 decagrammo
1203 271 1329 326 paulo
1359 272 1515 324 major,
1561 269 1826 326 sesquitrium
1855 273 2113 327 dodrantum‚

435 362 531 393 cute
568 360 611 390 et
645 348 786 405 pinnis
826 347 1118 397 crassioribus,
1177 360 1258 400 quo
1298 347 1350 386 ad
1388 346 1584 387 Blennios
1626 347 1815 397 accedit,
1872 359 1916 388 ut
1956 350 2116 404 reliquo

435 424 565 467 etiam
599 423 760 466 habitu.
819 426 953 480 Caput
983 423 1127 463 obtuse
1159 420 1376 468 conicum,
1404 420 1476 460 vix
1506 436 1806 476 compressum,
1842 423 1996 464 vertice
2025 435 2114 465 toto

436 511 481 544 et
508 499 714 555 operculis
744 497 986 555 squamosis.
1042 498 1244 537 Maxillae
1274 496 1683 545 carnoso-labratae,
1717 496 1914 537 dentibus
1943 501 2116 539 acutius-

435 574 568 626 culis,
629 574 766 615 antice
816 573 1063 628 majoribus,
1117 575 1296 626 superior
1345 571 1469 626 paulo
1515 569 1704 625 longior,
1760 571 1909 613 conico
1927 573 2115 614 -obtusa.

433 651 568 706 Supra
595 649 799 706 posticam
828 648 941 690 oculi
968 647 1182 702 regionem
1215 649 1381 701 pinnula
1401 645 1696 700 subcartilagin
1712 660 1772 695 ea,
1804 646 2116 701 sesquialteram

436 725 596 767 lineam
624 738 827 779 aequans,
857 723 976 779 apice
1006 723 1160 762 sexfida
1188 735 1370 771 ramosa,
1404 736 1485 776 quo
1516 721 1643 760 etiam
1677 720 1807 775 magis
1837 723 1887 761 ad
1919 722 2114 763 Blennios

434 799 616 840 raecedit.
648 825 695 831 —
744 800 928 840 Flabella
965 795 1224 838 branchialia
1253 807 1414 850 septem
1443 795 1665 835 lamellata.
1745 798 1899 850 Corpus
1929 812 1950 836 a
1978 796 2114 852 capite

438 873 595 915 sensim
625 875 903 920 adtenuatum,
930 871 1536 925 teretiusculo-compressum,
1568 870 1747 924 squamis
1777 871 1928 926 pervia
1957 870 2115 912 tenuio-

437 948 578 996 ribus,
607 948 694 989 cuti
722 963 880 989 crassae
910 947 1082 988 firmiter
1110 945 1301 994 adnatiS,
1331 943 1599 984 subtilissime
1633 945 2000 993 striato-ciliatis‚
2030 947 2115 986 fere

439 1023 626 1072 seriatis,
658 1024 937 1077 subasperum.
997 1025 1045 1060 In
1075 1031 1216 1060 ventre
1246 1018 1485 1072 squamulae
1514 1019 1762 1072 oblongatao
1780 1051 1789 1069 ,
1819 1020 1864 1060 in
1893 1019 2116 1074 longitudi-

438 1099 552 1138 nales
582 1097 706 1138 series
737 1097 936 1151 digestae.
993 1097 1098 1136 Gula
1134 1110 1227 1135 cum
1267 1091 1440 1132 maxilla
1475 1102 1517 1131 et
1554 1092 1679 1134 initio
1716 1093 1949 1134 abdominis
1985 1095 2118 1135 fulvo-

437 1173 574 1222 lutea,
618 1172 825 1227 reliquum
866 1186 1013 1226 corpus
1056 1169 1474 1216 onmem-fuscum,
1517 1168 1691 1208 maculis
1728 1184 1801 1223 per
1830 1170 1959 1209 latera
1985 1180 2116 1209 trans-

439 1247 568 1288 versis
586 1280 594 1293 ‚
623 1245 947 1301 irregularibus,
993 1245 1124 1285 dilute
1154 1255 1197 1284 et
1226 1242 1392 1283 sordide
1421 1241 1672 1284 thalassino-
1690 1242 1933 1283 virentibus„
1991 1246 2116 1285 Linea

438 1326 624 1363 lateralis
656 1337 752 1361 vera
782 1323 902 1361 dorso
933 1319 1102 1376 propior
1130 1331 1173 1358 et
1203 1317 1427 1373 parallela,
1459 1333 1479 1356 a
1510 1317 1602 1356 sinu
1632 1319 1922 1372 oper-culorum
1953 1319 2005 1359 ad
2033 1333 2114 1360 me-

441 1396 554 1435 diam
570 1397 744 1436 caudam
775 1395 1033 1443 rectiuscula,
1064 1393 1312 1448 quibusdam
1342 1391 1385 1431 in
1413 1392 1581 1445 regione
1612 1392 1751 1431 media
1782 1392 1931 1447 prioris
1960 1393 2114 1448 pinnae

441 1470 615 1511 dorsalis
643 1469 886 1525 interrupta.
944 1471 1112 1509 Saturae
1142 1482 1260 1521 supra
1289 1466 1405 1506 illam
1435 1466 1628 1520 utrinque
1659 1467 1845 1506 dorsales
1875 1469 1993 1517 duae,
2023 1468 2113 1523 pin-

439 1544 504 1584 nis
534 1543 750 1598 proximae
783 1555 825 1583 et
854 1543 1105 1598 parallelae,
1156 1556 1327 1596 quarum
1356 1545 1536 1595 superior
1566 1542 1615 1580 ad
1645 1541 1798 1594 pinnae
1829 1541 1939 1581 dorsi
1969 1557 2115 1583 secun-

437 1619 515 1659 dae
558 1618 720 1657 radium
762 1617 1046 1658 sexdecimum
1089 1616 1254 1664 deficit,
1314 1619 1441 1655 altem
1486 1615 1537 1654 ad
1576 1616 1748 1654 caudam
1790 1631 1918 1669 usque
1963 1618 2112 1671 pergit.

436 1694 610 1732 Saturae
640 1692 742 1732 item
771 1693 977 1732 ventrales
1006 1691 1198 1746 utrinque
1229 1689 1377 1739 binae,
1422 1693 1550 1730 altera
1580 1691 1629 1729 ad
1659 1689 1820 1729 radium
1857 1699 1981 1732 15mum
2020 1693 2113 1748 pin-

438 1782 516 1807 nae
546 1767 613 1807 ani
643 1768 838 1823 abrupta,
872 1778 966 1807 ante
996 1781 1142 1816 anum,
1173 1780 1268 1806 cum
1299 1763 1485 1818 compari
1514 1763 1642 1811 unita,
1673 1763 1852 1818 simplex
1881 1764 1990 1806 inter
2017 1767 2106 1822 pin-

435 1857 508 1883 nas
538 1843 743 1882 ventrales
771 1842 824 1881 ad
854 1842 993 1895 gulam
1022 1840 1229 1896 procedit.
1288 1842 1457 1880 Saturae
1485 1853 1627 1878 omnes
1657 1853 1837 1887 crassae,
1872 1839 2110 1883 articulatae

433 1932 539 1975 poro
570 1917 621 1957 ad
652 1916 832 1970 singulas
859 1930 1045 1970 squamas
1073 1916 1196 1955 valde
1226 1914 1465 1969 conspicuo,
1503 1914 1652 1952 Pinnae
1681 1913 1860 1952 dorsalcs
1889 1915 2110 1970 subaequa-

435 1992 523 2041 les,
568 1990 769 2032 nebuloso
802 1990 1060 2039 maculatae,
1102 1987 1353 2035 distinctae,
1387 1987 1501 2042 prior
1531 1988 1580 2028 ab
1610 1986 1699 2042 ipsa
1729 1987 1815 2026 fere
1844 1987 1981 2029 nucha
2010 1989 2110 2031 inci-

435 2066 583 2121 piens,
612 2065 772 2121 postice
804 2066 925 2105 alteri
953 2063 1250 2118 subcontigua,
1279 2073 1440 2104 constat
1469 2062 1594 2102 radiis
1627 2080 1690 2102 ρο.
1721 2061 2009 2117 simplicibus3
2040 2081 2110 2120 po,

436 2140 609 2188 sterior,
637 2141 761 2196 paulo
789 2139 933 2190 latior,
979 2139 1104 2179 radiis
1136 2144 1198 2178 23.
1229 2149 1391 2193 praeter
1420 2137 1600 2192 primOS,
1632 2136 1871 2187 subbifidis,
1905 2139 2107 2184 crassiori-

436 2216 536 2265 bus,
568 2214 882 2255 rufeseentibus.
944 2215 985 2254 Ρ.
1017 2216 1238 2270 pectorales
1267 2212 1501 2261 maximae,
1543 2211 1876 2261 flabelliformes,
1916 2225 2104 2265 serr-atae,

438 2291 523 2331 rad.
561 2307 619 2341 19.
662 2292 780 2340 rufis,
827 2304 922 2330 cum
959 2288 1094 2329 fasciis
1135 2300 1273 2327 versus
1308 2286 1427 2327 basin
1462 2304 1496 2326 2.
1536 2286 1632 2326 latis
1660 2287 1728 2326 vel
1756 2286 1940 2341 pluribus
1971 2289 2106 2331 fuscis.

436 2363 482 2403 P.
526 2367 723 2407 ventrales
777 2365 898 2408 valde
954 2362 1292 2420 approximatae,
1361 2362 1477 2403 fusco
1529 2373 1571 2402 et
1609 2361 1844 2403 virescente
1889 2362 2106 2413 fasciame,
