2185 2890
381 157 468 206 136
1134 156 1278 178 ''⁸¹‘'-

376 265 422 306 in
449 266 575 322 plano
604 260 774 305 verticis
804 255 1106 317 approximati;
1162 259 1321 312 pupilla
1359 255 1522 310 glauca,
1595 252 1730 300 ovali3
1791 254 1891 294 iride
1926 265 2060 303 aurea,

376 357 472 383 cum
506 336 636 380 multa
665 339 856 393 adspersa
891 334 1126 380 fuscedine,
1182 347 1252 373 ora
1304 329 1503 387 pupillari
1548 330 1848 370 rubro-aurea.
1919 331 2065 370 Aculei

377 414 737 471 supramaxillares
768 413 849 453 duo
880 411 932 451 ad
959 424 1100 458 nares,
1141 406 1377 448 adinvicem
1407 416 1726 460 convergenteS.
1773 407 1920 445 Vertex
1951 417 2061 458 pone

376 491 520 532 oculos
548 490 717 545 planus,
761 487 954 542 utrinque
983 484 1123 525 carina
1152 481 1403 537 marginatus
1421 512 1432 531 ,
1483 495 1588 536 quae
1618 481 1753 521 antice
1785 481 1914 520 tuber-i
1945 492 2062 519 osseo

375 564 581 620 marginis⁴
604 563 785 612 orbitae,
815 561 976 617 postice
1007 559 1210 600 tuberibus
1237 560 1389 598 michae
1417 555 1607 611 oblongis
1624 556 1802 611 (postice
1839 555 2066 596 inbrevem

372 641 570 681 oculeum
597 637 866 687 exeuntibus,
897 647 939 677 et
967 636 1012 676 in
1041 634 1202 689 juniore
1231 633 1345 689 pisce
1376 632 1510 672 minus
1550 630 1805 687 conspicuis)
1824 630 2064 672 cohaerent.

376 716 583 771 Opercula
625 712 670 753 in
712 711 869 752 lamina
910 711 1016 751 disci
1056 708 1228 750 inferius
1269 708 1509 762 biangulata
1548 711 1676 764 spinis
1713 724 1734 747 2
1777 705 2060 755 validissimis,

378 789 693 844 divergentibus
717 802 774 827 ex
802 803 882 827 una
911 786 1024 835 basi,
1082 786 1203 825 valde
1250 782 1461 832 surrectis,
1519 781 1681 837 postice
1710 783 1860 836 angulo
1890 793 2063 822 cutaceo

376 866 598 921 producta,
628 863 673 903 in
701 879 780 918 qua
812 862 893 903 alia
923 862 1025 902 latet
1054 862 1194 916 spina,
1237 871 1279 900 et
1309 860 1414 900 duae
1442 857 1547 898 item
1576 857 1894 904 delitescentes,
1933 858 2062 897 altera

377 939 424 979 in
452 939 545 979 sinu
573 939 866 993 operculorum
906 940 958 988 (a
996 952 1081 992 ¹qua
1121 936 1235 976 linea
1277 934 1461 975 lateralis
1497 932 1677 988 incipit)
1720 944 1762 973 et
1792 933 1843 972 ad
1873 932 2058 982 initium,

374 1015 531 1064 flabelli
566 1014 810 1053 branchialis
846 1011 1026 1066 quinque
1056 1009 1223 1059 costati,
1281 1009 1369 1049 laxi
1409 1024 1505 1049 cum
1534 1023 1727 1063 compare
1758 1009 1832 1048 sub
1862 1008 1957 1062 gula
1986 1022 2060 1062 per

381 1100 596 1130 cutaceam
634 1087 789 1142 plicam
828 1085 1053 1139 conjuncti.
1126 1087 1283 1130 Corpus
1325 1084 1447 1123 valde
1487 1083 1790 1132 ventricosum,
1848 1083 2062 1123 abdomine

384 1163 640 1204 dodrantalis
668 1160 965 1215 longitudinis,
1011 1148 1149 1215 capite
1180 1161 1265 1199 fere
1296 1157 1466 1205 latiore,
1509 1159 1643 1199 cauda
1670 1156 1795 1198 tereti
1826 1158 2062 1206 adtenuata,

382 1237 531 1292 longit.
563 1237 666 1291 pari.
738 1238 863 1276 Linea
904 1238 1087 1276 lateralis
1126 1246 1258 1284 recta,
1316 1248 1455 1273 versus
1492 1245 1616 1288 caput
1645 1232 1883 1287 divergens,
1942 1234 2063 1273 dorso

382 1314 515 1353 multo
544 1311 731 1368 propior,
790 1310 1007 1350 articulata
1038 1310 1147 1350 notis
1188 1307 1418 1363 elongatis,
1480 1308 1616 1349 antice
1648 1308 1879 1349 bifurcatis.
1950 1311 2065 1348 Inter

383 1387 493 1428 hanc
523 1398 565 1426 et
593 1386 766 1442 pinnam
795 1385 906 1425 dorsi
935 1383 1059 1425 series
1088 1383 1324 1439 irregularis
1345 1386 1542 1424 callorum
1564 1382 1879 1433 orbicularium,
1912 1382 2064 1423 distan-

383 1462 512 1511 tium,
572 1461 786 1517 superficie
829 1472 917 1500 tota
958 1459 1329 1507 scaberrimorum3
1385 1462 1537 1499 similes
1573 1463 1744 1499 minores
1770 1460 1878 1498 infra
1907 1458 2064 1499 lineam

383 1537 596 1577 lateralem
627 1547 787 1576 teritum
817 1535 926 1575 circa
956 1537 1129 1575 caudam
1159 1533 1301 1589 sparsi.
1357 1535 1508 1574 Pinnae
1546 1537 1767 1588 pectorales
1796 1549 1953 1574 crassae
1981 1549 2065 1574 ma-

389 1612 592 1667 jusculae,
622 1611 1070 1659 lunato-alaefornies‚
1102 1620 1300 1659 serratae,
1332 1608 1460 1650 radiis
1494 1615 1548 1649 15.
1582 1623 1756 1663 quorum
1784 1609 1918 1650 infimi
1947 1612 2066 1663 jugu-

384 1688 490 1727 lares
521 1685 710 1731 minimi,·
744 1689 940 1726 ventrales
969 1684 1326 1740 quadrirndiatae,
1358 1697 1541 1731 crassae,
1569 1682 1838 1725 interioribus
1865 1684 2064 1738 longiori-

383 1763 474 1802 bus.
531 1762 576 1801 P.
607 1762 781 1802 dorsalis
816 1765 924 1815 prior
952 1776 973 1800 a
1001 1758 1138 1815 capite
1170 1760 1486 1806 remotiuscula,
1515 1759 1726 1799 radiorum
1755 1777 1793 1812 7.
1827 1759 1900 1813 qui
1929 1758 2065 1815 spine-

386 1847 568 1886 scentes‚
626 1847 808 1878 attamen
851 1834 1037 1882 debiles3
1095 1836 1272 1875 secunda
1313 1833 1540 1890 prolixior,
1595 1833 1722 1874 radiis
1750 1842 1826 1874 312.
1856 1833 2066 1876 mollibus.

385 1912 497 1952 Huic
541 1911 732 1967 opposita
774 1927 814 1966 p.
854 1915 934 1950 ani.
978 1910 1063 1950 rad.
1115 1926 1175 1949 11.
1219 1909 1431 1951 mollibus.
1490 1909 1657 1950 Caudae
1687 1907 1817 1964 pinna
1843 1911 2066 1951 <rotundam

385 1986 514 2026 radiis
550 2003 609 2027 ιο.
637 1985 788 2027 bifidis.
848 1987 1035 2026 Colorem
1077 1983 1225 2039 piscis,
1282 1983 1326 2023 in
1367 1983 1478 2024 sicco
1508 1983 1738 2039 specimine
1769 1985 1854 2026 fere
1885 1987 2067 2027 eundem

389 2060 683 2116 deprehendo,
739 2075 862 2115 quem
905 2060 1159 2100 Stellerus
1201 2074 1223 2098 e
1252 2058 1412 2099 recenti
1441 2058 1665 2099 describit:
1726 2060 1862 2115 Caput
1891 2062 2064 2113 fuscum,

388 2136 556 2175 dorsum
585 2135 999 2182 olivaceo-fuscum‚
1047 2133 1212 2189 punctis
1241 2133 1492 2189 lineolisque
1521 2132 1970 2177 flavo-virescentibus
1999 2153 2066 2177 va-

388 2209 619 2263 riegatuni,
649 2225 754 2265 quae
785 2225 924 2252 versus
952 2211 1081 2251 latera
1109 2213 1263 2264 majora
1293 2208 1446 2249 sensim
1476 2221 1518 2249 et
1545 2209 1732 2259 lituram,
1765 2221 1807 2249 et
1834 2211 1968 2251 fuscus
1998 2227 2064 2252 co-

391 2282 455 2322 lor
484 2284 711 2325 obsoletior
740 2285 908 2334 evadit3
964 2286 1187 2326 Abdomen
1231 2295 1272 2324 et
1315 2284 1409 2339 gula
1452 2286 1559 2325 flavo
1594 2285 1707 2333 alba,
1765 2286 1895 2325 cauda
1924 2288 2064 2328 subu-15

386 2357 614 2410 *majoribus
657 2360 829 2400 maculis
873 2360 1000 2402 varia.
1085 2360 1242 2402 Pinnae
1302 2360 1483 2399 dorsales
1537 2361 1652 2400 fusco
1694 2370 1737 2398 et
1777 2360 2064 2416 subdiaphano
