2185 2890
847 205 990 228 ==
1667 194 1756 244 273

85 305 293 346 radiorum
329 313 386 347 15.
424 301 764 349 fulvescentium3
808 319 846 358 p.
876 307 944 343 ani
979 301 1105 342 radiis
1135 311 1295 343 constat
1323 302 1449 343 radiis
1492 318 1553 343 11.
1589 290 1658 343 vel
1694 310 1752 345 ιδ.

86 395 260 435 quorum
293 388 327 421 3.
356 380 510 435 priores
539 378 768 432 sinipliceS.
800 378 872 417 sed
902 393 987 417 non
1016 376 1188 433 spinosi.

224 456 331 494 Not.
392 456 536 500 Color,
564 451 807 508 praesertim
836 463 998 492 mortuo
1028 452 1164 507 pisce,
1195 466 1374 506 cyaneus
1405 452 1501 492 satis
1531 453 1679 507 sugax,
1711 453 1756 493 iu

89 529 236 584 spiritu
265 527 351 568 vini
381 529 503 583 plane
533 527 742 568 evanidus.
801 526 1031 581 Longitudo
1069 526 1194 581 vulgo
1232 525 1514 582 spithamalis,
1559 528 1630 568 sed
1660 528 1756 568 dan-

87 615 154 643 tur
183 605 367 655 majores.

596 818 865 872 XXXVIII.
933 818 963 869 S
997 818 1034 869 P
1069 819 1112 868 A
1146 819 1184 868 R
1218 816 1251 867 Ι.

226 1053 380 1093 Labros
420 1051 516 1093 satis
556 1068 795 1095 numerosos
824 1058 976 1095 Pontus
1005 1052 1191 1094 Euxinus
1232 1050 1385 1102 habet,
1430 1053 1502 1093 sed
1542 1053 1764 1106 Sparorum

93 1127 252 1183 species
293 1127 573 1183 paucissimas.
643 1132 730 1168 Hae
769 1143 868 1169 vero
911 1130 1014 1169 adeo
1053 1129 1306 1167 conveniunt
1340 1127 1507 1175 habim,
1547 1137 1761 1175 structura,

93 1203 204 1243 vitae
234 1216 383 1256 genere
401 1233 411 1251 ,
443 1202 640 1257 speciosis
668 1203 875 1244 coloribus
907 1215 948 1243 et
981 1217 1138 1258 sapore,
1171 1212 1217 1240 ut
1244 1201 1325 1240 nisi
1353 1216 1427 1256 per
1456 1212 1634 1240 suturam
1663 1201 1762 1240 late-

93 1277 235 1326 ralem,
265 1287 310 1315 ut
339 1291 455 1330 supra
486 1276 622 1325 docui,
653 1276 726 1316 vix
755 1277 1071 1331 distinguantur.
1129 1278 1163 1315 E
1193 1274 1366 1329 reliquis
1390 1285 1562 1316 nostrae
1592 1273 1763 1315 ditionis

90 1350 272 1391 maribus
300 1350 415 1390 nulla
444 1349 657 1405 hucusque
686 1352 845 1406 species
872 1350 1069 1391 innotuit.

529 1434 639 1486 193.
680 1431 706 1472 S
728 1431 760 1472 P
781 1431 821 1473 A
843 1431 881 1473 R
900 1431 941 1472 U
961 1431 988 1471 S
1035 1431 1326 1473 virescens.

229 1502 269 1540 S.
300 1499 610 1549 flavo-virens,
639 1500 772 1540 lituris
803 1502 957 1540 duabus
987 1499 1109 1540 fuscis
1138 1502 1189 1540 ad
1218 1500 1336 1541 basin
1373 1501 1540 1543 caudae.

232 1573 380 1613 Rarius
409 1575 460 1613 ad
489 1575 602 1614 littus
633 1575 904 1615 meridionale
936 1574 1185 1616 Chersonesi
1215 1575 1397 1615 tauricae
1430 1574 1623 1616 occurrit.

231 1651 395 1689 Descr.
452 1652 627 1701 Mag-nit.
666 1649 876 1703 digitalis,
911 1652 1051 1702 forma
1078 1653 1242 1689 Percae.
1312 1652 1442 1689 Totus
1480 1648 1762 1703 pulcherrime

96 1727 228 1766 ssavo-
246 1723 394 1771 virens,
428 1724 548 1763 dorso
578 1723 827 1763 obscuriore.
886 1724 945 1763 Os
973 1727 1145 1764 maxilla
1172 1723 1368 1763 inferiore
1397 1722 1631 1763 evidentius
1665 1725 1763 1765 den-

96 1811 205 1845 tata,
237 1797 428 1837 dentibus
456 1797 660 1851 prioribus
690 1799 812 1853 paulo
842 1797 1085 1852 majoribus,
1120 1797 1304 1852 superior
1334 1796 1405 1837 vix
1435 1797 1620 1851 longior,
1653 1811 1759 1840 utra-

96 1888 175 1928 que
204 1871 371 1912 labiata.
430 1873 631 1926 opercula
661 1887 730 1912 ora
761 1874 964 1927 angulata.
1023 1872 1150 1912 Irides
1180 1884 1357 1912 auratae.
1399 1873 1545 1911 Sutura
1576 1873 1756 1914 lateralis

96 1949 148 1988 ad
181 1948 332 1988 caudae
369 1946 536 1986 initium
574 1948 773 2003 abrupta,
815 1946 987 1987 inferior
1027 1961 1049 1986 e
1091 1946 1258 2000 regione
1303 1947 1372 1986 ani
1412 1945 1643 2001 incipiens,
1687 1963 1761 2002 per

99 2021 278 2060 mediam
307 2023 478 2060 caudam
506 2022 746 2063 obsoletior.
806 2024 969 2062 Litterae
988 2039 1023 2062 2.
1054 2022 1189 2061 fuscae
1220 2020 1411 2076 utrinque
1445 2022 1497 2061 ad
1525 2020 1642 2060 basin
1672 2022 1761 2076 pin-

99 2110 176 2135 nae
213 2096 381 2135 caudae.
439 2097 587 2138 Pinnae
629 2100 850 2152 pectorales
891 2097 1163 2150 majusculae,
1223 2096 1432 2135 radiorum
1468 2102 1526 2136 13.
1566 2100 1763 2138 venenales

101 2169 382 2218 sexradiatae,
414 2169 548 2225 primo
579 2171 790 2219 aculeat03
821 2172 997 2212 dorsalis
1024 2170 1152 2225 spinis
1183 2180 1241 2220 14.
1272 2170 1489 2219 tenuibus,
1521 2177 1544 2210 8
1575 2169 1762 2210 dichoto-

101 2245 179 2284 mis
209 2244 361 2291 radiis,
400 2244 711 2299 prolixioribus.
780 2247 825 2285 P.
858 2251 924 2285 ani
954 2245 1081 2301 spinis
1123 2257 1295 2300 quatuor
1323 2244 1523 2293 robustis,
1567 2254 1609 2283 et
1636 2244 1762 2284 radiis

102 2317 293 2358 fissilibus
324 2337 361 2370 9.
420 2320 563 2362 cauda
601 2319 803 2376 aequalis,
848 2320 1055 2361 radiorum
1091 2330 1147 2372 ¹³2·
1186 2320 1281 2374 qui,
1325 2331 1369 2359 ut
1411 2319 1453 2359 in
1487 2335 1527 2374 p.
1571 2319 1761 2370 ventrali,

100 2392 311 2448 variegati-

1276 2477 1323 2514 35
