2185 2890
858 154 1003 170 -·--
1678 142 1764 189 571

86 249 230 291 cibum
260 248 474 291 vertendo.
533 249 782 289 Indurantur
823 247 951 289 etiam
995 249 1135 299 fumo,
1194 248 1263 289 vel
1303 248 1348 290 in
1389 250 1518 292 furnis
1553 251 1698 293 siccati
1727 263 1770 292 et

83 324 334 366 comminuti
363 325 406 364 in
436 324 563 364 saccis
593 325 885 373 adservantur,
929 326 1041 379 quod
1070 326 1217 365 Pom-sa
1255 337 1422 366 vocant.
1483 330 1531 367 In
1569 335 1662 368 aere
1692 326 1775 368 sic-J

81 401 167 441 cuti
198 401 371 440 audiunt
399 402 683 441 Katschamas.
743 401 873 440 Carne
902 412 1040 441 autem
1069 411 1162 441 sunt
1193 401 1296 442 adeo
1325 401 1440 442 fulva
1470 413 1512 443 et
1542 404 1690 453 rubra,
1721 411 1768 443 ut

82 492 255 532 prunam
287 477 533 516 candentem
565 477 727 516 referat.

219 553 403 592 Descr.
463 552 710 607 Plerumque
740 551 961 608 bipedalis.
1022 553 1220 594 Succedit
1250 552 1399 602 fluviis,
1433 553 1572 595 colore
1604 552 1763 608 argenti

80 626 291 682 purissimi
320 626 449 666 instar
478 627 751 682 splendente,
799 633 981 671 maxillis
1009 641 1108 670 tunc
1137 629 1261 669 rectis
1306 640 1349 670 et
1384 629 1538 677 acutis,
1581 630 1767 670 dentibus

81 701 270 751 minutis,
304 702 375 741 vix
407 701 629 743 dimidiam
656 702 810 744 lineam
841 705 1131 760 aequantibus,
1167 720 1340 761 quorum
1373 706 1521 745 decem
1550 704 1595 745 in
1623 704 1765 759 lingua

80 793 154 834 per
183 779 280 817 duas
313 778 438 818 series
469 778 647 833 digesti,
690 780 828 834 plures
863 780 905 819 in
945 780 1129 836 margine
1167 781 1380 836 utriusque
1418 779 1685 820 mandibulae
1721 790 1764 820 et

79 853 123 893 in
155 854 309 894 lamina
340 865 573 909 nxystacea,
603 865 645 893 et
674 852 776 894 item
807 854 851 894 in
881 857 1020 910 palato
1050 871 1125 911 per
1154 869 1236 897 tres
1268 855 1394 896 series
1423 855 1587 911 digesti,
1617 869 1762 896 omnes

80 940 301 969 retrorsum
336 928 512 979 adunci,
553 928 712 984 priores
747 930 790 969 in
831 931 1013 972 maxillis
1051 937 1240 986 majores.
1299 935 1346 972 In
1386 932 1513 972 fluvio
1544 919 1644 971 dein
1674 945 1764 970 ver-

79 1004 263 1045 santibus
294 1009 488 1046 maxillae
517 1005 562 1045 in
591 1021 743 1046 uncum
784 1004 995 1061 insignem
1035 1019 1256 1048 curvantur
1296 1018 1338 1047 et
1366 1008 1510 1047 dentes
1542 1005 1658 1061 quasi
1688 1004 1764 1046 mi-

80 1081 222 1120 raculo
252 1092 450 1135 augentur
480 1081 664 1136 (qualem
700 1087 793 1121 icon
824 1093 959 1122 nostra
990 1083 1218 1138 exprimit).
1283 1085 1486 1123 Max-illae
1517 1092 1614 1121 tunc
1647 1080 1762 1120 unci-

80 1157 459 1196 nato-decussatae
478 1188 487 1205 ‚
517 1161 695 1210 superior
726 1157 917 1212 longior,
953 1158 1090 1198 valide
1120 1159 1338 1208 dentatae,
1370 1168 1415 1196 ut
1450 1171 1494 1196 os
1524 1156 1647 1212 plane
1678 1170 1762 1196 non

76 1233 208 1287 possit
237 1231 396 1278 claudi,
427 1231 621 1272 dentibus
651 1231 799 1272 anticis
828 1231 1091 1272 maxillarum
1122 1232 1329 1273 maximis.
1361 1232 1482 1272 Oculi
1515 1230 1761 1277 mediocres‚·

78 1308 201 1348 irides
232 1307 356 1346 modo
386 1321 409 1346 e
441 1306 698 1356 virescente,
732 1309 857 1348 modo
888 1323 910 1347 e
941 1309 1252 1349 coerulescente
1286 1318 1518 1362 argenteae.
1556 1306 1761 1362 Opercala

75 1381 371 1424 branchiarum
413 1383 654 1430 rotundat33
711 1383 895 1424 Flabella
938 1385 1192 1424 branc-Malia
1236 1391 1281 1433 14
1321 1383 1546 1423 lamellata.
1604 1382 1762 1436 Corpus

77 1473 281 1508 crassum,
337 1458 641 1507 lanceolatum‚
700 1458 1142 1514 compressiusculum‚
1203 1458 1383 1515 pingue,
1426 1456 1606 1513 squamis
1635 1455 1761 1513 paulo

78 1533 325 1586 majoribus,
359 1548 484 1587 quam
517 1533 692 1574 Eriocis.
724 1536 846 1575 Linea
876 1535 1059 1574 lateralis
1088 1535 1209 1574 dorso
1240 1533 1431 1589 propior,
1463 1544 1557 1572 ante
1587 1532 1759 1588 pinnam

77 1609 284 1650 dorsalem
313 1609 526 1664 paululum
558 1609 825 1648 adscendens.
886 1611 1014 1649 Pinna
1054 1610 1167 1650 dorsi
1204 1611 1292 1649 rad.
1335 1608 1554 1657 undecim,
1594 1617 1759 1660 praeter

76 1684 358 1732 adminicula3
390 1684 562 1740 adiposa
593 1698 765 1738 magna,
799 1699 949 1733 crassa,
982 1683 1230 1740 spathulata.
1261 1685 1306 1724 P.
1336 1687 1559 1739 pectorales
1588 1682 1674 1721 rad.
1699 1690 1756 1732 14.

78 1763 277 1801 ventrales
304 1760 390 1800 rad.
429 1777 486 1800 ιο.
518 1771 561 1800 et
597 1777 654 1800 ιι.
713 1761 935 1815 Appendix
966 1760 1017 1800 ad
1047 1771 1262 1815 utramque
1291 1757 1755 1805 lanceolam-linearis,

80 1850 258 1890 magna,
300 1835 522 1876 dimidiam
562 1835 870 1890 longitudinem
913 1835 1066 1891 pinnae
1108 1835 1232 1891 paulo
1279 1849 1542 1891 exsuperans.
1606 1833 1650 1872 P.
1690 1835 1758 1871 ani

83 1912 397 1961 coerulescens,
430 1912 571 1952 fusco·
592 1913 816 1959 nebulosa,
847 1911 998 1952 radior.
1036 1918 1095 1953 15.
1154 1912 1299 1951 cauda
1328 1911 1434 1960 lata,
1466 1906 1757 1963 subforcipata,

83 1985 227 2034 fusca,
255 1987 341 2028 rad.
375 2003 438 2028 21.
470 2012 518 2019 —
549 1989 781 2042 Longitudo
818 1989 860 2028 ι’.
898 1992 974 2028 ιο”.
1005 1990 1076 2038 4”’,
1108 1986 1245 2044 Caput
1274 1991 1331 2029 5⁷².
1360 1985 1428 2029 8''‘.
