2185 2890
877 208 1026 226 -—-
1701 203 1784 242 ¹05

113 306 409 361 brevioresque
427 337 437 354 ,
466 304 657 345 laterales
693 304 776 344 fere
808 304 859 344 ad
889 304 1024 344 sinum
1053 301 1134 344 oris
1162 300 1457 358 pertingentes.
1490 327 1538 334 —
1569 302 1628 344 Os
1664 303 1789 343 valde

116 383 325 431 esser-tile,
358 380 490 421 minus
519 379 640 419 hians
671 395 794 435 quam
824 379 868 419 in
899 380 1102 428 Sturione,
1133 377 1338 432 labiisque
1369 389 1410 417 et
1439 378 1625 418 maxillis
1652 377 1786 418 minus

113 458 255 498 crassis
286 467 326 496 et
353 455 614 511 prominulis.
683 456 818 495 Palati
859 454 997 494 fornix
1040 453 1219 494 anterius
1264 452 1526 507 granulosus,
1581 451 1784 507 posterius

112 532 222 587 rugis
254 529 427 571 arcuatis
456 529 713 585 subs-eptenis
759 531 1010 584 respondens
1055 528 1143 569 basi
1182 526 1474 568 branchiarum
1502 527 1701 567 tumidae.
1731 551 1786 557 —-

112 608 241 647 Nares
270 605 313 645 in
342 604 431 645 basi
460 605 582 645 rostri
611 617 705 645 ante
737 605 877 644 oculos
906 605 1117 652 laterales,
1159 608 1309 658 priores
1338 601 1664 656 longitudinales
1693 601 1787 641 sub-

113 681 499 730 rotundo-ovales,
530 685 767 735 posteriores
795 680 1061 719 transversim
1091 678 1202 719 ovali
1230 678 1456 731 oblongae,
1487 677 1619 717 limbo
1649 675 1786 717 antice

113 766 311 802 cutace03
369 770 515 795 cavum
560 754 669 795 striis
717 755 990 805 distantibus,
1050 754 1174 795 fuscis
1218 752 1449 808 grossisque
1493 753 1784 792 stellatum.—

110 831 232 870 Oculi
260 830 470 876 laterales,
499 829 609 870 inter
639 845 890 885 congeneres
920 829 1154 883 majusculi,
1185 829 1310 884 plano
1328 827 1613 883 -prominuli;
1658 827 1784 868 Iride-5

110 904 634 958 flavescenti-argenteae,
679 906 862 961 superius
894 908 1006 946 fusco
1036 905 1325 949 inumbratae5
1368 906 1524 959 pupilla
1553 901 1784 943 circularis.

113 1004 162 1011 —
194 980 288 1020 Pori
316 980 509 1020 auditorii
536 980 726 1035 proxime
759 982 810 1021 ad
838 993 1025 1036 tempora
1053 980 1096 1019 in
1127 994 1295 1020 carnosa
1324 990 1460 1033 parte,
1507 977 1648 1018 medio
1677 976 1787 1016 inter

114 1055 256 1095 oculos
285 1065 327 1093 et
357 1053 573 1094 scissuram
602 1056 908 1104 bmnchialem,
953 1054 1144 1095 lunulati.
1174 1078 1228 1085 —
1271 1054 1475 1107 Opercula
1503 1053 1786 1093 branchiarum

110 1140 228 1184 parte
258 1128 377 1169 molli
409 1130 641 1183 grariulata,
685 1130 826 1170 medio
858 1131 972 1170 disco
1003 1129 1101 1169 stria
1131 1128 1298 1183 gemina
1328 1126 1643 1182 longitudinali,
1689 1142 1784 1181 qua-

111 1219 356 1257 quaversum
384 1202 501 1243 strias
530 1205 790 1244 cicatricosas
834 1204 1033 1244 stellatim
1076 1215 1314 1257 spargente,
1375 1205 1447 1243 sub
1478 1202 1633 1242 isthmo
1664 1202 1784 1256 gulae

110 1279 197 1318 lato
227 1277 424 1331 brevique
453 1277 645 1332 utrinque
678 1279 839 1319 adnata.
874 1304 920 1309 --
952 1280 1178 1318 Erana-hiae
1207 1276 1390 1317 barbulis
1421 1276 1708 1332 simplicibus,
1739 1287 1785 1315 ut

110 1352 156 1392 in
187 1351 399 1401 Sturione,
458 1355 529 1392 sed
566 1353 753 1408 pectines
794 1352 1000 1393 rhacheos
1044 1352 1173 1406 magis
1204 1367 1340 1392 versus
1370 1367 1414 1392 os
1443 1350 1608 1391 remoti.
1668 1350 1783 1390 Plica

112 1438 282 1468 cutacea
311 1426 522 1467 circularis
550 1427 595 1468 in
625 1428 822 1469 interiore
865 1429 1154 1484 oper-culorum
1198 1427 1317 1468 facie.
1354 1451 1410 1458 —-
1457 1428 1613 1482 Corpus
1641 1429 1786 1468 admo-

110 1503 211 1542 dum
239 1517 475 1553 mucosum,
533 1506 824 1558 pentaedrum,
884 1505 1034 1558 angulo
1074 1502 1227 1542 dorsali
1258 1501 1556 1555 argustissimo‚
1617 1503 1702 1542 fere
1733 1503 1786 1543 ad

110 1575 292 1616 nucham
323 1577 541 1626 altissimo,
573 1578 826 1618 ventralibus
855 1578 1080 1623 obsoletis‚·
1119 1576 1246 1616 facies
1276 1577 1456 1616 dorsales
1486 1575 1783 1631 planiusculae,

110 1651 301 1691 laterales
331 1664 563 1701 convexae,
598 1653 794 1692 ventralis
824 1654 960 1708 plana.
1020 1655 1185 1692 Scutula
1216 1651 1393 1690 dorsalia
1424 1652 1686 1701 subcordata,
1725 1667 1784 1691 ar-

112 1737 208 1779 gute
238 1725 442 1774 carinata,
474 1726 633 1766 radiato
664 1727 819 1774 scabra,
848 1738 1068 1766 retrorsum
1099 1725 1215 1780 spina
1244 1736 1495 1774 mucronata,
1526 1741 1698 1766 numero
1722 1733 1782 1768 15.

109 1815 284 1855 quorum
314 1799 493 1854 primum
523 1801 751 1840 maximum
781 1800 942 1841 nuchae
972 1800 1193 1849 coalitum,
1239 1800 1431 1839 ultimum
1462 1816 1484 1839 a
1512 1800 1639 1855 pinna
1671 1800 1783 1842 dorsi

113 1874 251 1914 distat.
321 1877 468 1916 Lineae
496 1880 678 1917 lateralis
705 1876 878 1916 scutella
905 1875 1097 1930 utrinque
1129 1882 1192 1927 67.
1220 1875 1452 1929 trapezina,
1508 1875 1678 1930 oblique
1708 1875 1784 1916 im·

112 1948 293 1996 bricata,
320 1949 498 2000 radiata,
543 1950 767 1992 obsoletius
798 1951 997 2000 carinam,
1041 1939 1338 2004 denticuloque
1370 1961 1589 1990 retrorsum
1620 1949 1781 1990 minuto

107 2034 361 2064 mucronata.
431 2027 607 2067 scutella
649 2030 846 2066 ventralia
886 2025 1079 2080 utrinque
1130 2033 1189 2066 15.
1233 2024 1538 2065 obsoletissime
1583 2024 1778 2075 carinam,

109 2097 318 2138 distantia.
390 2102 502 2139 Ante
530 2101 700 2155 pinnam
734 2100 798 2140 ani
832 2100 1006 2140 ossicula
1036 2101 1158 2155 plana
1190 2110 1363 2154 quatuor
1392 2099 1631 2139 continuata
1662 2099 1781 2146 serie,

109 2187 283 2227 quorum
313 2172 494 2227 primum
524 2185 565 2214 et
593 2176 787 2215 ultimum
817 2176 1026 2230 oblongo·
1045 2174 1235 2215 linearia.
1294 2179 1508 2214 Praeterea
1539 2178 1692 2215 lamina
1721 2175 1781 2215 in-

108 2246 236 2301 signis
265 2261 403 2296 ossea,
461 2249 742 2303 trapezoidea,
801 2251 982 2290 carinata
1026 2261 1069 2290 et
1110 2249 1220 2289 striis
1247 2249 1425 2297 radiata,
1484 2249 1675 2303 utrinque
1707 2252 1779 2290 sub

107 2322 246 2376 pinnis
275 2323 554 2378 pectoralibus
585 2325 634 2364 ad
664 2324 825 2364 hiatum
854 2324 1162 2374 branchialem,
1207 2335 1247 2363 et
1284 2323 1453 2371 similis,
1500 2323 1652 2373 minor,
1685 2340 1780 2364 con-

107 2396 222 2452 tigua
262 2399 335 2440 sub
378 2400 594 2443 tuberculo
637 2398 853 2442 humerali.
929 2403 1094 2442 Corium
1137 2410 1348 2455 practerea
1384 2411 1517 2441 totum
1557 2399 1780 2456 squainulis

1302 2485 1345 2525 η
