2185 2890
875 184 1021 207 ΕΞ
1698 179 1780 208 221

108 279 258 326 molle,
289 290 422 319 totum
452 276 670 333 splendide
704 286 985 330 argentatum,
1018 278 1138 317 dorso
1168 279 1651 325 cano-coerulescente,
1689 277 1783 333 pin-

107 356 170 396 nis
201 354 479 411 superioribus
512 351 682 406 gryseis.
755 352 903 391 Sutura
942 352 1124 392 lateralis
1154 367 1296 407 parum
1327 353 1568 407 conspicua,
1613 353 1785 393 tenerri-

105 447 191 480 ma,
233 432 353 470 dorso
394 426 645 483 propinqua,
691 425 736 466 in
774 425 914 466 medio
954 427 1229 482 longitudinis
1260 427 1383 482 paulo
1414 427 1542 483 magis
1572 430 1782 468 recedens.

106 506 250 546 Gauda
281 503 477 544 lateribus
507 500 680 541 minime
712 500 914 551 carinata,
959 504 1032 542 sed
1073 503 1208 558 plana.
1280 503 1431 542 Pinnae
1474 504 1586 544 dorsi
1616 519 1781 558 parvae,

105 586 213 636 prior
241 589 397 620 remota
427 594 449 617 a
493 575 649 632 capite,
698 576 823 616 radiis
868 576 1163 625 acicularibus,
1205 578 1400 618 tenuibus
1445 589 1564 625 octo,
1609 593 1783 632 quorum

102 656 302 696 secundus
332 652 519 707 longior3
576 656 706 692 altera
735 666 872 692 versus
905 654 1078 692 caudam
1108 653 1259 694 sensim
1291 665 1522 708 angustata,
1573 653 1782 693 radiorum

101 730 267 770 circiter
286 739 345 779 24.
405 728 513 767 Huic
542 726 732 783 opposita
764 743 802 780 p.
836 731 903 766 αηί
934 727 1102 777 similis,
1135 729 1209 768 sed.
1240 729 1345 777 alba,
1377 728 1575 768 continua
1604 729 1690 768 rad.
1714 737 1778 778 24.

99 816 141 845 et
170 804 365 844 minimus
399 805 562 844 aculeus
594 813 687 842 ante
719 805 804 854 ejus
835 802 1041 848 radicem
1072 802 1171 843 hinc
1202 803 1400 858 pinnulae
1431 803 1593 858 spuriae
1623 803 1777 844 nullae.

96 881 140 920 P.
181 884 402 934 pectorales
443 891 620 935 parvae,
666 875 792 916 radiis
834 876 1047 925 tenuibus,
1093 878 1430 933 subsimplicibus
1476 888 1536 929 14.
1580 883 1779 920 ventrales

97 954 232 994 adhuc
264 955 461 1004 minores,
495 953 703 993 radiorum
735 967 829 999 sex,
860 953 1080 1007 contiguae
1111 952 1154 992 in
1185 953 1325 993 carina
1356 953 1611 1003 abdominis,
1643 952 1775 993 tenui-

94 1044 174 1084 que
219 1031 458 1069 membrana
501 1029 611 1068 inter
655 1042 696 1066 se
741 1039 782 1066 et
826 1042 916 1066 cum
962 1026 1101 1066 carina
1144 1042 1383 1076 connexae,
1429 1032 1525 1080 (litt.
1556 1032 1599 1080 a)
1643 1029 1773 1068 albae.

95 1105 262 1145 Caudae
291 1104 417 1159 pinna
448 1103 630 1150 bifurca,
662 1101 788 1140 radiis
826 1119 884 1154 17.
916 1101 1151 1150 multifidis,
1185 1102 1344 1150 albida,
1390 1102 1511 1141 litura
1542 1102 1772 1156 nigricante

92 1179 137 1218 in
182 1179 271 1233 ipso
315 1178 406 1218 sinu
448 1175 747 1218 bifurcationis.
778 1201 830 1206 -—
875 1175 1042 1231 Species
1088 1174 1193 1217 haec
1235 1176 1452 1217 transitum
1495 1179 1546 1218 ad
1594 1178 1776 1232 Clupeas

93 1264 307 1294 monstrat.

542 1468 742 1522 XXVII.
810 1469 864 1518 M
899 1469 943 1518 U
980 1468 1027 1519 G
1061 1470 1081 1518 Ι
1114 1469 1158 1519 L
1194 1469 1234 1518 E
1269 1468 1314 1519 S.

225 1703 392 1758 Gregali
435 1715 479 1743 et
517 1702 758 1757 migratorio
796 1704 906 1743 vitae
945 1719 1095 1759 genere
1139 1705 1280 1744 affines
1312 1703 1482 1760 Clupeis
1519 1703 1680 1760 pisces,
1721 1718 1766 1747 et

88 1796 214 1834 aeque
244 1779 437 1819 imbelles
473 1779 730 1833 aliorumque
770 1779 1021 1819 marinorum
1062 1778 1304 1818 animalium
1342 1791 1383 1819 et
1415 1779 1552 1819 avium
1581 1782 1759 1835 praedae

87 1854 294 1902 destinati,
326 1854 619 1909 temperatiore
649 1853 693 1892 in
724 1853 893 1893 climate
926 1853 1052 1894 maria
1085 1868 1213 1908 aeque
1243 1852 1410 1908 copiosa
1441 1855 1556 1909 prole
1580 1856 1755 1910 replent,

85 1941 130 1969 ut
159 1928 342 1968 borealia
373 1929 570 1983 Clupeae.
630 1933 677 1968 In
719 1931 850 1969 Ponto
881 1929 1063 1977 Euxino,
1108 1939 1304 1983 tanquam
1342 1928 1491 1969 ultimo
1536 1944 1658 1984 quem
1688 1944 1757 1984 pe-

84 2015 177 2044 tunt
207 2003 464 2057 migrationis
494 2003 684 2052 termino,
715 2004 959 2059 praesertim
990 2003 1198 2059 pullulant
1227 2014 1268 2042 et
1297 2003 1479 2044 maxima
1507 2004 1627 2059 copia
1653 2004 1756 2044 retia

83 2079 269 2132 replent;
327 2080 488 2131 jamque
531 2080 695 2127 Strabo,
754 2082 867 2132 cujus
910 2079 1155 2132 Pelamydes
1197 2092 1284 2117 esse
1324 2079 1520 2119 videntur
1561 2078 1754 2132 Mugiles,

85 2152 288 2206 originem
319 2151 465 2192 horum
496 2151 672 2207 piscium
702 2154 745 2193 in
777 2154 880 2194 mari
911 2153 1028 2207 nigro
1063 2152 1214 2208 posuit,
1246 2165 1287 2193 et
1304 2153 1594 2207 migrationem
1609 2167 1751 2193 eorum

83 2243 156 2283 per
185 2225 444 2280 Bosphorum
474 2226 717 2276 thracicum,
750 2239 1042 2283 capturamque
1073 2229 1300 2268 maximam
1331 2229 1375 2267 in
1404 2228 1497 2268 sinu
1525 2228 1593 2267 vel
1622 2243 1750 2268 cornu

83 2301 330 2356 Byzantino,
376 2300 572 2355 graphice
603 2302 833 2357 descripsit.
902 2305 980 2342 Sed
1012 2302 1140 2342 etiam
1169 2302 1213 2342 in
1244 2301 1346 2342 mari
1378 2303 1577 2343 atlantico
1606 2317 1750 2343 eorum

80 2378 199 2432 copia
228 2391 310 2416 non
341 2377 466 2427 deest,
504 2376 603 2431 quin
634 2387 675 2417 et
705 2377 953 2418 Americana
985 2376 1143 2432 species
1172 2377 1242 2417 vix
1275 2379 1324 2418 ab
1340 2380 1554 2433 Europaea
1585 2378 1751 2419 diversa
