2185 2890
369 197 427 245 48
1128 203 1273 229 ==

802 300 1012 353 Genus
1124 300 1608 353 VIPERAE.

510 533 700 585 lsiperae,
773 528 990 570 venenatis
1031 526 1130 568 telis
1170 542 1313 568 omnes
1360 527 1593 583 praeditae,
1663 526 1799 583 primo
1843 529 2041 584 adspectu

369 608 491 649 facile
534 607 831 662 dignoscuntur
872 609 1003 657 capite
1047 603 1293 660 praesertim
1333 604 1597 653 subcordato,
1657 605 1724 644 vel
1754 605 1870 659 quasi
1901 619 2042 644 versus

368 682 579 738 parotides
608 684 807 730 buccato,
849 691 965 720 torva
996 679 1078 719 oris
1108 678 1239 729 facie,
1293 690 1335 719 et
1363 678 1605 734 praesertim
1635 681 1726 720 telis
1758 694 1827 719 seu
1858 680 2042 720 dentibus

367 757 412 798 in
442 757 647 798 anteriore
677 755 807 812 palati
834 767 950 811 parte
981 755 1223 810 majoribUS‚
1281 753 1401 794 feiini
1428 753 1575 809 unguis
1605 753 1733 794 instar
1759 754 2040 810 reposffllibus,

367 832 479 873 cavis
520 844 563 872 et
605 832 694 873 basi
736 832 852 887 quasi
896 830 1139 886 calyculatis
1172 832 1362 883 folliculo
1408 828 1663 880 vencnifluo,
1723 834 1836 884 cujus
1878 829 2042 870 toxicus

367 906 504 962 liquor
531 923 606 964 per
634 907 743 963 ipsos
773 908 942 957 dentes,
1000 908 1052 947 ad
1082 922 1262 947 morsum
1291 903 1533 961 erigendos,
1593 904 1638 944 in
1680 905 1852 945 vulnera
1882 905 2041 946 defluit.

365 982 521 1023 Omnes
551 983 671 1038 hujus
701 983 863 1039 generis
905 982 1064 1038 species
1106 985 1362 1037 proportione
1408 992 1495 1020 tota
1536 992 1577 1021 ct
1614 980 1859 1036 praesertim
1886 982 2042 1021 caudae

367 1069 459 1097 sunt
500 1058 720 1099 torosiorcs
763 1070 806 1099 ct
847 1058 1060 1099 breviores
1107 1056 1299 1097 Colubris
1348 1067 1389 1096 ct
1430 1060 1609 1111 squamis
1636 1056 1881 1111 plerumque
1913 1054 2042 1110 magis

366 1130 601 1183 horrentes,
631 1132 759 1174 ctiam
789 1133 899 1175 circa
927 1132 1110 1174 nucham
1137 1131 1322 1172 minutis.

788 1245 870 1301 46.
955 1246 997 1287 V
1018 1245 1034 1285 I
1054 1245 1087 1285 P
1108 1245 1147 1285 E
1171 1244 1209 1284 R
1231 1244 1271 1285 A
1345 1244 1618 1286 Ccrststcs.

504 1362 556 1400 V.
588 1359 792 1406 albicans,
824 1356 1046 1398 corniculis
1075 1355 1429 1412 snpraocularibus
1458 1356 1658 1396 subulatis
1687 1356 1862 1399 corneis.

584 1435 767 1476 coluber
796 1445 1009 1484 cornutus,
1066 1434 1252 1487 Hasselq.
1286 1436 1370 1473 itin.
1403 1448 1440 1486 p.
1475 1438 1567 1473 315.
1598 1448 1637 1472 n.
1669 1440 1733 1473 61.
1766 1434 1860 1475 Acc-
1895 1435 2039 1490 Upsal.

648 1518 761 1563 1750.
791 1527 831 1566 p.
865 1527 928 1563 27.

586 1584 769 1625 Coluber
811 1586 1017 1635 Cerastes,
1073 1587 1160 1625 Lin.
1207 1593 1310 1638 syst.
1352 1584 1446 1622 XII.
1492 1585 1520 1622 I.
1549 1600 1589 1639 p.
1634 1591 1725 1637 376.
1794 1588 1910 1627 Ellis.
1945 1587 2041 1627 Act.

638 1661 763 1714 Angl.
794 1663 873 1700 vol.
901 1661 1006 1700 LVI.
1037 1661 1118 1700 tab.
1148 1668 1207 1709 14.

504 1737 619 1775 Hanc
647 1735 848 1790 Viperam
878 1734 1060 1775 maxime
1090 1745 1337 1774 venenatam
1366 1732 1412 1773 in
1448 1735 1612 1775 deserto
1642 1736 1818 1791 Caspico
1849 1748 1890 1776 et
1919 1741 2039 1778 Tata-

367 1807 456 1850 rico
485 1809 574 1850 dari
603 1810 840 1851 certissimis
881 1809 1133 1850 testimoniis
1176 1810 1375 1848 affirmare
1418 1824 1584 1863 possum
1622 1821 1665 1849 et
1708 1821 1770 1849 est
1806 1811 2039 1853 Calmuccis

366 1883 607 1933 notissima,
662 1885 765 1926 licet
805 1901 908 1925 rara.
979 1884 1147 1924 Puellae
1179 1884 1228 1923 ab
1258 1898 1308 1922 ea
1339 1884 1552 1924 demorsae
1581 1883 1799 1925 brachium
1827 1901 1956 1940 usque
1987 1888 2039 1927 ad

371 1959 542 2000 axillam
571 1960 679 2002 intra
706 1959 1027 2015 nycthemerum
1070 1969 1204 1998 totum
1244 1957 1451 1999 tumidum
1494 1971 1536 2000 et
1576 1960 1895 2010 inflammatum,
1941 1977 2039 2002 cum

371 2035 529 2085 dolore,
559 2036 767 2091 bullisque
797 2034 924 2090 nigris
955 2032 1243 2089 gangraenosis
1273 2033 1473 2084 obsitum,
1505 2034 1768 2076 frictionibus
1797 2035 1883 2076 olei
1911 2038 2039 2079 calidi

372 2110 669 2151 administratis
712 2123 754 2151 et
795 2111 938 2151 crebro
981 2108 1172 2149 exhibita
1214 2108 1439 2164 camphora
1479 2110 1524 2151 in
1555 2122 1672 2151 aceto
1714 2111 1864 2163 soluta,
1918 2128 2037 2168 aegro

370 2185 529 2224 curavit
559 2188 612 2226 D.
642 2188 696 2227 D.
733 2187 785 2226 W
792 2191 864 2227 ier
904 2185 948 2224 in
990 2187 1215 2240 Sareptana
1256 2184 1421 2225 colonia
1462 2188 1671 2240 quondam
1714 2186 1923 2238 medicus,
1966 2188 2039 2243 qui

371 2258 551 2300 occisam
579 2262 779 2317 Viperam
812 2263 902 2318 ipse
932 2259 1054 2301 vidit.
