2185 2890
419 142 510 190 254
1188 153 1332 178 εξ

422 249 619 300 infracta,
640 251 712 298 ita,
747 261 792 290 ut
818 250 1046 305 fragmenta
1074 262 1255 291 suturam
1284 266 1402 307 supra
1430 251 1616 307 infraque
1646 252 1802 294 alterne
1831 254 2091 306 comitentur3

423 325 654 380 eademque
684 341 802 381 supra
830 327 996 366 oculum
1027 338 1195 381 anguste
1226 327 1476 373 continuata,
1506 339 1549 368 et
1578 328 1686 368 circa
1715 328 1882 369 verticis
1900 332 2092 384 angulum

420 398 689 440 suscidiorem
718 416 999 456 convergens,
1053 412 1148 441 ante
1190 402 1331 442 oculos
1375 403 1503 443 efficit
1544 403 1714 444 fasciam
1758 419 1876 458 supra
1916 415 2093 445 rostrum

419 475 670 526 angularem,
704 487 939 531 argenteam
969 479 1065 531 (fig.
1090 481 1156 530 1.).
1215 480 1262 516 In
1291 476 1357 517 his
1388 478 1614 532 specimina
1644 480 1847 533 quaedam
1877 477 1921 518 in
1952 479 2090 519 medio

415 546 568 598 latere,
598 549 707 590 inter
736 552 834 591 duas
864 551 1008 606 strigas
1038 563 1249 605 argenteas
1279 552 1510 606 superiores
1542 564 1698 592 notata.
1728 557 1850 594 litura
1880 554 2090 607 quadrata,

413 621 685 665 fuscescente.
745 626 982 680 Specimina
1014 627 1094 666 alia
1123 642 1243 681 supra
1272 627 1520 666 uniformem
1553 642 1719 667 aureum
1750 627 1958 674 nitorem,
2003 629 2091 683 plu-

415 696 531 737 rimis
561 698 696 739 lituris
726 700 848 740 fuscis
878 716 952 755 per
994 701 1131 741 media
1172 701 1364 757 utrinque
1408 703 1537 741 latera
1578 702 1813 756 signantur,
1859 704 1970 757 (Fig.
2007 706 2087 756 1.),·

415 772 645 826 junioribus
674 773 810 815 lineae
843 776 1023 816 alternae
1055 792 1200 816 aureae
1230 788 1271 816 et
1301 788 1520 831 argenteae
1552 779 1662 831 (Fig.
1694 781 1767 831 3.).

500 908 613 950 182.
671 908 698 949 S
720 906 758 952 C
781 909 797 950 Ι
823 909 863 951 Α
886 910 924 951 Ε
945 909 984 950 N
1004 909 1044 952 A
1099 909 1388 952 Melanura.
1449 910 1577 956 TAB,
1617 910 1709 952 LII.
1737 907 1823 965 fig.
1868 922 1910 952 Ι.
1953 924 1998 958 2.

547 998 612 1037 Sc.
644 1014 817 1054 corpore
849 1001 933 1040 lato
963 1010 1202 1053 argentam,
1248 1001 1378 1056 spinis
1416 1002 1466 1041 ad
1504 1001 1650 1055 pinnas
1688 1001 1920 1048 ventrales,
1963 1000 2086 1042 litura

413 1069 604 1126 utrinque
636 1074 685 1112 ad
716 1076 887 1113 caudam
918 1071 1046 1128 nigra.

548 1150 595 1187 In
625 1148 746 1188 Ponti
776 1148 1007 1198 littoribus,
1052 1150 1176 1203 paulo
1213 1149 1348 1190 minus
1376 1151 1567 1204 frequens
1596 1153 1873 1205 praecedente
1904 1149 2081 1205 capitur,

409 1220 663 1275 frequentius
693 1225 765 1263 sub
795 1223 994 1278 hyemem
1036 1223 1246 1278 gregaria,
1290 1225 1334 1264 in
1375 1225 1620 1280 praesertim
1651 1225 1752 1264 Sinu
1781 1224 2082 1279 Eupatoriensi,

412 1305 455 1333 et
484 1296 535 1334 ad
565 1308 728 1351 portum
762 1300 1012 1339 Ctenuntem
1040 1298 1242 1346 Tauriae3
1272 1299 1316 1338 in
1345 1300 1497 1339 mensis
1528 1299 1740 1339 deliciosa.

549 1372 719 1411 Descr.
789 1372 1056 1412 Dodrantalis
1099 1384 1143 1412 et
1183 1374 1311 1422 ultra,
1361 1377 1499 1421 forma
1541 1375 1624 1413 lata
1666 1373 2078 1424 ovato-lanceolata,

407 1442 718 1500 cathetoplatea
747 1448 797 1486 ad
828 1446 1139 1487 Chaetodontes
1169 1448 1370 1487 accedens
1406 1449 1522 1502 (Fig.
1552 1450 1631 1502 A.)
1663 1447 2078 1502 submacrolepidota‚

407 1530 497 1559 tota
526 1531 761 1573 argentata,
793 1523 914 1561 dorso
945 1521 1313 1575 gryseo-aureola.
1372 1523 1506 1576 Caput
1548 1524 1762 1569 obtusum;
1807 1521 1866 1561 Os
1904 1522 2080 1562 arctissi-

405 1609 546 1642 mum,
589 1594 661 1634 vix
705 1595 887 1635 emissile
930 1595 1141 1649 exiguum.
1198 1597 1400 1636 Max-illae
1442 1597 1739 1650 subaequales,
1783 1595 1854 1636 vix
1884 1596 2076 1647 labiatae,

406 1669 592 1709 dentibus
621 1669 757 1709 antice
787 1670 996 1716 confertis,
1027 1669 1277 1725 aequalibus,
1307 1670 1476 1720 obtusis,
1508 1671 1722 1711 subfuscis.
1772 1671 1893 1712 Oculi
1922 1671 2075 1725 magni,

406 1744 507 1784 iride
536 1743 693 1799 pallida
725 1759 845 1784 aurea
875 1746 941 1785 vel
970 1746 1252 1799 subargentea.
1312 1745 1515 1800 Opercula
1555 1744 1872 1794 branchiarum,
1918 1745 2075 1804 brevis-

405 1818 534 1867 sima,
579 1818 652 1858 vix
686 1820 904 1874 angulata,
945 1819 1153 1860 subtiliter
1187 1835 1415 1873 squamosa.
1479 1820 1706 1861 Flabellum
1744 1821 1817 1859 sub
1854 1819 1907 1858 iis
1943 1819 2074 1859 latens

404 1907 604 1947 parvum,
645 1895 810 1943 album,
854 1894 1256 1948 quinqueradiatum,
1330 1896 1480 1935 Pinnae
1513 1899 1733 1949 pectorales
1767 1906 1936 1942 tenues,
1986 1895 2073 1934 lon-

404 1966 641 2021 gimculae,
699 1979 868 2018 acutae,
924 1969 1235 2022 quatuordecim
1264 1968 1497 2017 radiorum3
1552 1973 1749 2010 ventrales
1791 1967 2070 2019 sexradiatae,

404 2056 581 2096 parvae,
610 2044 902 2093 flavescentes,
943 2044 1059 2084 radio
1089 2044 1248 2084 extimo
1278 2044 1539 2100 spinescente
1568 2054 1687 2084 extus
1715 2048 1834 2098 spina
1862 2042 2071 2090 distincta,

404 2115 499 2157 loco
529 2117 834 2172 appendicum3
874 2119 1013 2158 subtus
1051 2119 1161 2159 inter
1197 2130 1412 2173 utramque
1442 2117 1613 2173 pinnam
1643 2118 1873 2159 ventralem
1900 2132 2070 2173 squama

400 2202 522 2230 ovata
546 2222 557 2241 ,
602 2192 646 2231 in
675 2193 883 2233 foveolam
913 2193 1218 2233 abdominalem
1249 2195 1504 2233 recumbens.
1566 2195 1611 2233 P.
1643 2198 1711 2234 ani
1738 2208 1888 2248 parva,
1933 2192 2069 2232 radio-

404 2278 494 2304 rum
531 2275 589 2315 14.
633 2282 805 2321 quorum
835 2279 916 2308 tres
944 2269 1100 2323 priores
1129 2268 1312 2318 robusti,
1365 2268 1675 2324 spinescentes,
1718 2266 1870 2321 reliqui
1906 2266 2066 2315 molles,

400 2340 476 2378 sed
502 2353 585 2380 non
613 2341 709 2381 fissi.
752 2343 798 2384 P.
820 2344 930 2385 dorsi
958 2342 1001 2383 in
1029 2347 1140 2385 sulco
1169 2343 1349 2399 squamis
1377 2344 1608 2399 marginato
1638 2342 1859 2398 repostilis,
1890 2339 2081 2382 anterius-
