2185 2890
383 162 473 204 528
1155 174 1300 196 Ξ

527 272 598 313 No
610 282 638 313 ε.
698 270 828 312 Piscis
857 269 1109 319 Viadrinus‚
1150 285 1276 326 quem
1306 269 1488 312 Stettino
1519 270 1634 311 misit
1681 273 1858 312 amiciss.
1891 272 2075 325 Meyer.

387 349 461 390 sub
492 347 664 388 nomine
707 347 947 402 germanico
987 348 1211 403 Schwuppe
1254 358 1317 387 est
1362 346 1536 388 omnino
1564 348 1774 396 Ballerus,
1819 347 1893 387 sed
1936 348 2075 388 differt

385 423 560 465 maxilla
590 438 723 479 super.
755 423 974 472 breviore,
1006 434 1194 473 arcuata,
1226 423 1408 479 squamis
1439 422 1676 476 niaj01·ibUS‚
1708 421 1848 477 pinnis
1879 427 2075 477 majuscu-

382 499 465 547 lis,
509 498 683 554 rigidis,
727 499 1010 555 pectoralibus
1055 498 1325 548 acuminatis,
1368 499 1541 539 dorsalis
1573 510 1615 538 et
1647 499 1716 538 aui
1745 498 1863 540 radio
1893 501 2076 540 secundo

383 589 527 625 osseo,
571 576 766 624 robusto,
810 575 923 616 linea
967 575 1131 616 laterali
1174 574 1311 615 ventri
1354 573 1549 630 propiore
1594 586 1634 614 et
1677 575 1879 630 parallela
1918 592 1948 615 1.
2007 578 2073 615 An

384 652 498 706 quod
530 654 692 704 major?
736 655 844 704 (erat
888 658 950 699 15}
981 651 1082 706 poll.
1113 651 1260 706 longit.
1290 662 1331 691 et
1361 652 1420 701 4”.
1455 653 1521 693 5’”.
1552 651 1678 704 latus)
1711 650 1777 690 vel
1809 651 1920 705 quod
1949 651 2074 706 piscis

381 725 591 777 marinus,
639 741 661 766 e
707 741 819 767 mare
862 725 1056 767 balthico
1102 726 1215 767 enim
1254 725 1300 766 in
1333 726 1537 767 Viadrum
1567 726 1808 767 succedunt.
1866 730 2072 768 Numerus

386 802 597 843 radiorum
629 802 675 842 in
705 802 847 858 pinnis
877 814 1047 853 exacte,
1078 815 1124 843 ut
1154 802 1364 859 descripto
1395 801 1617 851 fluviatili3
1646 807 1716 843 ani
1742 802 2072 859 piunazicaudae

382 891 582 918 carnosae
611 880 690 931 (ἔμ’.
723 882 811 933 9''‘·)
841 889 1042 934 occupat,
1075 878 1285 919 radiorum
1315 889 1382 930 [μ.

471 1011 585 1056 236.
635 1011 1052 1056 CYPRINUS
1095 1005 1263 1071 sapen.
1305 1012 1436 1056 TAB.
1475 1012 1651 1056 LXIX.
1680 1010 1762 1069 fig.
1806 1027 1849 1057 I.
1898 1025 1982 1057 ια.

522 1105 572 1146 C.
604 1104 958 1161 macrolepidotus
993 1105 1332 1162 cathetoplateus
1365 1109 1502 1157 latus,
1544 1117 1676 1146 rostro
1713 1105 1979 1161 prominente
2011 1121 2071 1148 re-

379 1191 498 1230 tuso,
530 1196 601 1222 ore
632 1179 835 1230 missili,
867 1182 996 1237 pinna
1027 1182 1096 1223 ani
1124 1192 1191 1233 40.

490 1257 632 1298 Rossis
663 1258 715 1297 ad
744 1257 924 1311 Volgam
952 1260 1085 1314 Ssapae'z
1113 1258 1182 1299 vel
1209 1258 1368 1314 Ssopa3
1396 1257 1450 1298 ad
1478 1259 1693 1298 Samni-am
1721 1258 1953 1305 Lobiztsch;
1992 1260 2069 1303 Ca-

543 1332 684 1372 saniae
715 1331 945 1388 improprie
974 1336 1103 1375 Sinez.

517 1410 566 1447 In
594 1407 732 1448 fluviis
762 1408 924 1463 Volgae
954 1408 1290 1457 collateralibus,
1318 1411 1420 1449 Sura
1440 1440 1451 1459 ,
1480 1411 1672 1456 Samara,
1705 1408 1855 1460 Kinel,
1887 1409 2064 1466 aliisque

378 1483 571 1538 frequens
599 1483 753 1539 piscis,
794 1498 868 1538 per
899 1484 1079 1539 Volgam
1115 1484 1206 1525 sine
1248 1484 1379 1525 dubio
1415 1486 1670 1531 succedens,
1709 1484 1819 1525 mihi
1847 1501 1930 1526 non
1962 1486 2065 1529 alibi

377 1558 502 1599 visus.
562 1560 619 1600 Os
649 1558 750 1599 huic
780 1559 970 1600 omnium
1004 1560 1285 1616 Cyprinorum
1314 1560 1558 1616 longissime
1586 1559 1787 1601 emissile.

511 1636 684 1676 Descr.
743 1635 811 1675 Ad
853 1635 1049 1690 pedalem
1086 1647 1128 1675 et
1164 1637 1271 1677 ultra
1298 1637 1620 1691 magnitudinem
1648 1635 1867 1677 excrescit.
1925 1640 2061 1694 Caput

379 1724 553 1766 corpore
585 1709 787 1759 crassius,
817 1710 1000 1750 maxime
1031 1723 1129 1752 ante
1157 1712 1325 1763 oculos,
1368 1713 1512 1767 ibique
1542 1726 1757 1752 convexo·
1775 1714 2058 1767 protuberans,

375 1797 506 1828 rostro
534 1786 663 1827 etiarn
691 1786 800 1827 infra
829 1801 949 1828 nares
979 1802 1196 1836 convexo,
1235 1799 1399 1836 retuso,
1441 1803 1604 1837 crasso,
1646 1787 1753 1826 ultra
1795 1803 1840 1827 os
1882 1787 2059 1830 inferum

371 1861 654 1917 prominente.
713 1863 846 1903 Labia
888 1877 957 1902 seu
1000 1863 1199 1904 maxillae
1243 1866 1317 1904 sub
1367 1875 1499 1904 rostro
1539 1861 1747 1903 emissiles
1790 1864 1893 1917 (fig.
1931 1868 2055 1919 ιω),

371 1951 442 1978 ore
471 1948 672 1993 angust03
703 1935 999 1978 branchiarum
1025 1938 1136 1979 basis
1165 1938 1302 1979 anticc-
1333 1937 1760 1987 emico-terminata,
1795 1953 1873 1993 pro
1902 1943 2056 1995 lingua.

371 2013 503 2054 Nares
545 2013 722 2069 amplae.
781 2013 905 2055 Oculi
949 2013 1191 2068 majusculi,
1233 2015 1334 2055 iride
1376 2013 1898 2069 argenteo-pallescente,
1942 2016 2057 2059 fusco

370 2091 570 2130 umbrata.
631 2090 818 2132 Flabella
859 2090 1167 2144 branchiostega
1203 2089 1502 2140 trilamellata,
1544 2104 1692 2145 parva,
1735 2100 1853 2130 ⁴arcte
1892 2088 2054 2133 isthmo

371 2166 492 2220 gulae
523 2167 719 2215 adtexta,
751 2167 860 2206 unde
891 2176 1082 2220 apertura
1108 2164 1406 2207 branchiaxum
1436 2165 1573 2206 minus
1603 2164 1769 2220 patula,
1811 2165 2054 2220 praesertim

367 2255 465 2281 cum
495 2245 685 2298 opercula
727 2240 987 2282 brevissima.
1048 2243 1206 2298 Corpus
1248 2240 1655 2297 macrolepidoniin,
1698 2240 1855 2289 latum,
1898 2251 2052 2290 tenue,

370 2328 784 2372 cano-argenteum,
829 2318 952 2359 dorso
983 2332 1005 2358 e
1035 2318 1347 2358 coerulescente
1375 2317 1516 2363 fuseo;
1552 2320 1667 2357 linea
1689 2319 1879 2356 lateralis
1910 2315 2051 2357 medio

371 2388 628 2441 rectissima,
695 2402 858 2434 tantum
908 2395 966 2435 ad
1022 2404 1147 2451 caput
1202 2393 1470 2435 adscendens.
1549 2392 1708 2433 Pinnae
1758 2391 1960 2432 ventrales
2010 2403 2053 2432 et
