2185 2890
883 174 1028 195 Q
1701 160 1790 207 339

250 274 483 323 salmones,
514 283 561 313 nt
589 284 733 313 omnes
763 276 892 327 pisces
920 272 1159 319 anadromi,
1202 283 1277 328 per
1305 271 1532 324 plurimum
1561 269 1659 312 anni
1687 282 1791 312 tem·

111 366 187 406 pus
217 349 417 390 marinam
448 359 573 404 agunt
601 347 755 397 vitam,
798 362 876 388 nec
916 358 1057 388 tamen
1099 349 1222 402 longe
1265 363 1287 387 a
1332 347 1538 388 natalibus
1575 346 1793 388 discedere

111 425 319 465 xidcntur.
378 426 656 466 Observatum
697 422 811 462 enim
854 435 939 474 est,
985 423 1134 479 quibus
1174 423 1304 464 semel
1341 424 1616 463 adsueverunt
1652 421 1788 463 fluviis

111 502 179 541 Vll
210 500 331 548 rivis,
373 515 444 541 eos
475 514 639 555 semper
670 500 720 539 ab
753 499 905 539 iisdem
934 499 1152 554 speciebus
1180 498 1458 554 frequentari,
1496 513 1619 554 quem
1652 499 1790 538 admo·

108 579 205 617 dum
238 579 348 616 Aves
379 575 600 631 quotannis
641 575 693 615 ad
732 576 921 616 adsuetas
965 574 1182 630 regiones,
1231 590 1406 630 suosque
1449 573 1569 614 nidos
1600 575 1790 622 redeunt,

108 664 151 692 et.
182 667 287 691 nova
317 653 454 707 proles
484 651 527 691 in
557 651 763 691 natalibus
795 651 898 692 locis
930 653 980 691 ad
1011 651 1195 708 speciem
1224 652 1534 707 propagandam
1570 648 1792 689 subsistere

107 728 176 768 vel
208 729 357 767 eodem
388 727 611 782 remigrare
643 727 825 768 fideliter
861 728 980 768 solet.
1055 726 1180 767 Statis
1222 726 1350 781 igitur
1393 725 1492 767 anni
1531 723 1788 780 temporibus

106 804 235 844 etiam
266 803 400 859 pisces
429 802 644 843 anadromi
674 802 718 842 in
747 804 894 843 eadem
927 803 1095 843 flumina
1124 804 1407 851 adscendunt,
1444 801 1488 841 in
1519 801 1668 857 quibus
1698 814 1791 855 pro-

106 880 168 920 les
197 891 291 919 nata
321 890 408 928 est,
439 889 481 918 et
510 879 727 934 praeteriti
757 878 853 919 anni
884 881 1047 935 proles,
1080 881 1207 920 ductu
1237 889 1468 935 parentum,
1499 876 1603 917 item
1633 874 1789 933 patrios

105 955 211 995 lares
242 954 427 995 revisere
459 964 501 993 et
531 954 876 995 consuetudinem
908 955 1084 1011 posteris
1113 955 1356 995 continuare
1386 969 1468 994 non
1500 963 1645 994 cessat.
1703 951 1791 992 Ob-

106 1041 313 1070 servatum
346 1045 468 1086 porro
497 1041 585 1076 est,
628 1029 736 1070 hanc
781 1033 849 1071 vel
888 1031 1004 1071 illam
1043 1031 1255 1087 speciem,
1299 1029 1377 1070 hos
1407 1029 1476 1070 vel
1506 1028 1601 1069 illos
1631 1026 1791 1074 fluvios,

104 1105 208 1146 litet
238 1106 342 1145 ostia
371 1105 415 1145 in
446 1107 595 1146 eodem
626 1105 767 1146 littore
798 1118 840 1146 et
872 1106 1027 1147 vicinia
1068 1117 1264 1162 pateant,
1308 1120 1521 1155 recusare,
1564 1103 1665 1144 licet
1693 1103 1787 1143 illos

103 1181 211 1221 aliae
242 1181 404 1236 species
435 1182 720 1236 frequentant,
770 1198 820 1222 an
859 1182 941 1224 hoc
982 1198 1082 1223 vero
1120 1182 1218 1222 ideo
1252 1193 1416 1222 tantum
1445 1180 1632 1228 accidat,
1675 1179 1789 1235 quod

103 1255 169 1297 ibi
201 1271 412 1311 nunquam
441 1257 602 1311 prolem
633 1257 916 1307 educaverint,
947 1259 1015 1298 vel
1047 1259 1096 1298 ab
1131 1272 1329 1312 aquarum
1358 1256 1402 1298 in
1431 1257 1498 1297 his
1527 1255 1662 1296 fluviis
1692 1270 1786 1297 con·

101 1332 231 1372 traria
263 1332 315 1372 iis
346 1332 523 1373 indole?
565 1347 648 1372 non
679 1348 842 1388 semper
871 1334 1085 1390 explicare
1118 1334 1240 1375 facile
1271 1344 1349 1374 est.
1406 1334 1455 1373 Id
1486 1347 1584 1373 vero
1614 1342 1788 1382 certum,

104 1409 155 1449 ab
189 1408 436 1449 alteratione
468 1423 601 1464 aquae
643 1408 759 1449 fluvii
799 1425 872 1465 per
914 1425 1038 1465 aquas
1080 1410 1202 1450 salsas
1243 1410 1311 1450 vel
1344 1408 1567 1449 minerales
1595 1407 1640 1449 in
1666 1406 1790 1448 illum

99 1499 200 1525 casu
230 1485 451 1534 deductas,
496 1485 564 1525 vel
594 1501 615 1525 a
645 1496 779 1525 terrae
811 1486 1019 1534 motibus,
1061 1485 1206 1526 aliisve
1235 1484 1371 1526 causis
1389 1515 1399 1534 ,
1443 1498 1566 1539 saepe
1598 1482 1671 1522 vix
1699 1480 1787 1523 evi-

105 1559 325 1610 dentibus,
357 1560 493 1614 pisces
525 1562 796 1611 anadromos,
828 1562 941 1617 prius
968 1562 1150 1602 eundem
1181 1560 1295 1602 adire
1324 1572 1483 1606 suet05‚
1514 1557 1716 1599 deterreri
1743 1568 1788 1599 et

98 1636 172 1675 &fel
199 1636 324 1691 plane
354 1635 453 1675 inde
482 1636 680 1685 exulare,
712 1637 779 1676 vel
808 1636 1021 1677 interdum
1051 1648 1145 1693 post
1175 1637 1327 1677 multos
1359 1637 1527 1676 demum
1559 1648 1685 1689 annos
1716 1633 1788 1674 de·

104 1726 186 1752 nuo
218 1711 369 1751 redire.
427 1714 556 1764 Hujus
593 1710 872 1767 phoenomini
911 1713 1040 1752 multa
1071 1723 1113 1752 et
1141 1713 1251 1767 apud
1278 1726 1357 1752 nos
1385 1722 1430 1751 et
1459 1710 1502 1750 in
1533 1708 1625 1749 aliis
1655 1707 1789 1763 regio·

104 1786 225 1827 nibus
254 1788 472 1826 observata
500 1798 595 1827 sunt
621 1788 830 1842 exempla.
890 1787 958 1827 Fit
1000 1787 1154 1838 etiam„
1199 1799 1244 1827 ut
1285 1786 1420 1843 pisces
1457 1783 1697 1834 anadromi‚
1738 1785 1785 1825 in

93 1862 217 1902 {acus
248 1862 381 1903 dulcis
413 1876 543 1917 aquae
574 1862 899 1903 mediterraneos
929 1862 1089 1911 delati,
1131 1879 1251 1903 causa
1287 1861 1566 1918 qualicunque
1603 1858 1786 1901 reditum

105 1939 157 1978 ad
189 1953 300 1978 mare
329 1937 602 1994 impediente,
635 1938 678 1979 in
711 1937 827 1994 aquis
858 1939 1048 1979 dulcibus
1078 1939 1222 1979 vivere
1252 1937 1512 1979 continuent.
1543 1939 1634 1976 Hoc
1646 1950 1786 1976 exem·

102 2014 176 2070 plo
205 2014 407 2074 Halecum
435 2013 480 2054 in
511 2015 681 2055 lacubus
711 2013 1030 2056 Camtschatcae
1061 2014 1384 2070 hybernantium
1413 2029 1486 2054 suo
1515 2013 1610 2053 loco
1639 2012 1788 2066 proba·

91 2088 240 2129 *vimus
270 2100 314 2129 et
340 2091 547 2130 referente
591 2089 728 2130 veraci
770 2089 860 2130 viro
903 2092 1070 2132 Danes
1110 2093 1423 2146 Bari-inguen
1453 2092 1510 2143 (²²)
1554 2091 1784 2144 Eperlanus

102 2163 150 2206 in
180 2164 272 2205 lacu
305 2181 328 2205 a
357 2164 461 2206 mari
487 2165 612 2221 plane
642 2166 813 2208 excluso
842 2165 956 2209 dulci
984 2180 1114 2223 prope
1144 2170 1372 2209 Bostonum
1401 2166 1676 2213 introductus,
1709 2175 1784 2219 pet

153 2396 207 2440 (¹⁸)
234 2396 350 2431 Actor.
377 2395 540 2441 Anglicor.
572 2396 641 2431 Vol.
667 2395 767 2432 LXI.
793 2407 827 2441 p.
858 2408 938 2441 3¹2.
964 2402 998 2431 in
1036 2403 1132 2435 neta.
