2185 2890
833 203 978 232 ,εξ
1644 205 1730 247 249

64 306 186 348 illum
213 306 350 363 ipsum
378 317 517 347 tamen
552 301 742 352 fluvium,
782 301 843 343 ibi
883 306 964 356 jam
1005 317 1088 344 non
1127 301 1337 358 rapidum,
1379 316 1592 360 respuere,
1634 318 1728 346 curn

66 382 345 437 Luciopercae
375 393 416 422 et
446 379 623 435 Cyprini
651 377 757 418 varii
787 393 881 417 eum
911 379 1190 433 frequentent.

200 459 274 497 No
287 467 310 497 t.
368 460 415 496 In
458 454 593 495 fluviis
631 464 673 494 et
702 454 868 493 lacubus
896 452 1067 493 Rossiae
1097 451 1259 493 mediae
1287 452 1439 508 passim
1466 454 1635 509 pedales
1664 468 1728 494 oc·

65 543 259 581 currunt,
302 530 345 570 in
384 529 537 570 Sibiria
582 527 710 568 etiam
752 527 1031 569 semiulnares.
1098 527 1308 583 Petropoli
1336 528 1571 582 frequenter
1598 533 1729 568 variat

66 605 240 646 maculis
268 604 507 645 transversis
544 603 671 659 nigris
710 602 905 659 utrinque
947 604 1101 656 ternis,
1146 601 1312 659 quinis,
1359 602 1489 653 senis,
1534 601 1728 658 septenis,

64 679 151 722 imo
180 679 367 721 novenis.

623 826 902 862 Annotatio
942 827 1161 862 editoris.

169 895 469 942 Epinephelorum
497 909 606 940 genus
643 898 688 932 65
725 902 759 930 in
787 900 923 932 Blochii
957 900 1113 932 defuncti
1141 900 1334 942 systemate
1361 895 1632 939 ichthyologico
1660 899 1731 928 sta-

64 954 210 988 bilitum
237 959 393 990 maxime
420 969 465 990 ex
491 961 607 991 Percis
634 961 705 990 Lin.
728 962 966 1002 compositum
994 963 1058 992 est.
1111 961 1226 992 Pisces
1255 960 1336 990 sunt
1362 956 1627 999 heptapterygii
1652 954 1732 987 tho-

67 1017 175 1046 racici
202 1018 319 1058 capite
345 1021 425 1049 toto
457 1022 642 1060 squamato
676 1019 848 1061 operculo
888 1021 1066 1050 anteriore
1107 1022 1242 1050 serrato
1282 1019 1482 1059 posteriore
1518 1015 1652 1047 aculeis
1679 1024 1734 1046 ar-

63 1078 173 1106 mato.
215 1075 316 1106 Conf.
343 1076 466 1108 Bloch.
498 1080 583 1119 pise.
613 1081 710 1109 exot.
740 1077 775 1108 h.
804 1080 881 1110 V11.
912 1089 945 1119 p.
980 1088 1033 1110 11.
1064 1088 1171 1119 genus
1199 1079 1263 1108 LX.
1316 1074 1574 1118 Epinephelum
1602 1075 1733 1106 Oceani

65 1134 250 1166 orientalis
278 1137 312 1165 in
335 1138 433 1167 Actis
460 1139 588 1168 nostris
617 1138 815 1167 novissimis
843 1137 1048 1178 (Memoires
1075 1137 1120 1169 de
1145 1135 1365 1168 1⁷Academie
1392 1133 1580 1176 Imperiale
1606 1134 1667 1165 des
1682 1143 1731 1165 sc.

65 1193 110 1224 de
139 1195 187 1225 St.
216 1195 427 1237 Petersburg
466 1196 546 1228 Vol.
576 1198 634 1227 IV.
672 1195 744 1227 tab.
775 1198 864 1228 XVI.
902 1196 1094 1241 descripsi,
1149 1206 1255 1237 quem
1296 1198 1484 1239 postquam
1518 1204 1598 1224 cum
1626 1195 1734 1225 Perea

63 1253 227 1283 variabili
269 1253 427 1284 Pallassii
469 1256 583 1284 minus
621 1258 787 1285 accurate
835 1255 953 1286 forsan
998 1266 1044 1286 ex
1090 1256 1283 1296 specimine
1323 1255 1506 1285 exsiccato
1546 1251 1732 1283 Merkiano

60 1310 243 1353 descripta
280 1315 588 1354 comparaverim,
629 1323 693 1355 pro
734 1324 801 1344 una
838 1315 1033 1356 eademque
1077 1315 1196 1356 specie
1233 1311 1358 1344 habeo.
1414 1313 1528 1353 Quum
1555 1321 1640 1343 vero
1668 1320 1733 1343 nee

63 1372 209 1402 Ascanii
236 1373 382 1413 icones,
412 1374 579 1415 (quarum
606 1375 647 1403 II.
674 1372 749 1404 tab.
782 1371 836 1405 16.
879 1373 994 1404 Pallas
1021 1372 1064 1404 ad
1094 1375 1237 1404 Percam
1264 1381 1362 1402 suam
1390 1368 1441 1418 (n.
1476 1372 1573 1415 177.)
1600 1371 1733 1402 Oceani

64 1430 248 1462 orientalis
277 1433 426 1472 citavit,
457 1442 572 1473 neque
602 1434 730 1464 Percae
757 1432 957 1475 descriptae
985 1435 1165 1474 specimen
1193 1433 1414 1463 exsiccatum
1441 1433 1476 1462 in
1505 1434 1647 1473 promtu
1675 1432 1733 1470 sit,

64 1490 279 1532 Epinepheli
309 1493 377 1522 mei
408 1491 688 1534 descriptionem
715 1495 750 1524 et
776 1494 914 1523 iconem
942 1494 1061 1534 potius
1087 1491 1217 1522 addere
1234 1513 1245 1531 ,
1294 1494 1333 1523 ut
1360 1490 1513 1522 lectores
1542 1492 1608 1533 ipsi
1636 1500 1734 1522 com-

66 1559 192 1591 parare
219 1553 256 1582 et
283 1551 476 1593 dijudicare
504 1553 667 1593 possint,
696 1562 800 1594 quam
831 1553 920 1583 certi
948 1550 1033 1593 quid
1059 1551 1301 1590 contendere,
1337 1550 1534 1583 consultius
1561 1550 1658 1582 duxi.

241 1674 534 1730 Epineplzelus
572 1674 746 1715 ciliatus
783 1674 1130 1717 Camtsclmticus
1183 1679 1225 1716 et
1261 1673 1558 1717 Americamis.

194 1770 287 1813 Ξαέ»
337 1770 647 1822 ἓαηιη”ε[>αῠα[ίγ’ᾶ>ε
696 1771 904 1823 ffii‘onaitgc.
984 1770 1084 1810 Tab.
1138 1773 1241 1811 XVI.
1292 1773 1382 1820 Fig,
1445 1785 1457 1809 1
1484 1775 1607 1811 —60

160 1874 266 1904 Piscis
306 1882 427 1904 macro
449 1893 461 1898 -
484 1875 521 1904 et
556 1872 853 1915 microlepidotus
889 1884 1067 1916 purpureo
1102 1872 1280 1904 rufescens
1314 1873 1373 1904 vel
1409 1875 1578 1914 argenteo
1617 1873 1734 1906 fuscus

67 1931 203 1975 pedalis
231 1935 267 1963 et
291 1932 494 1974 bipedalem
525 1932 804 1974 magnitudinem
832 1933 1011 1965 interdum
1038 1935 1240 1974 attingens,
1268 1931 1605 1974 acanthopterygius
1630 1935 1736 1964 mari-

65 2001 134 2023 nus
176 1993 317 2023 Oceano
363 1992 529 2024 orientali
568 1991 855 2025 Camtschatcam
896 1996 932 2024 et
970 1994 1169 2023 Americam
1210 1991 1360 2024 alluenti
1399 1993 1562 2035 proprius
1589 2001 1609 2023 a
1635 1992 1735 2025 nullo

69 2052 300 2082 Rossicorum
330 2053 635 2094 peregrinatorum
663 2062 727 2083 nec
755 2062 776 2083 a
800 2051 930 2084 Stellero
959 2062 1024 2083 nec
1052 2050 1177 2084 Mcskjo
1206 2052 1406 2093 descriptus
1423 2073 1434 2092 ,
1463 2061 1528 2083 nec
1560 2054 1637 2093 ipso
1665 2049 1739 2084 Pal-

62 2110 158 2142 lassio
202 2121 355 2152 unquam
404 2110 546 2142 allatus.
618 2110 720 2142 Oculi
759 2110 862 2153 hujus
902 2113 1009 2155 piscis
1049 2113 1166 2156 magni
1206 2110 1512 2154 periophthalmio
1551 2113 1638 2143 tecti
1676 2112 1735 2144 vel

67 2169 202 2201 nebula
233 2170 408 2209 obducti,
448 2179 517 2211 qua
544 2170 588 2201 de
614 2180 652 2201 re
678 2167 826 2202 Blochius
853 2175 969 2213 generi
997 2182 1126 2203 nomen
1154 2171 1364 2214 (Blodauge)
1390 2167 1600 2213 Epincphelus
1626 2171 1737 2203 dedit.

70 2227 181 2272 Caput
207 2239 379 2269 osseum,
419 2228 585 2268 declive,
626 2239 810 2271 crassum,
849 2230 1141 2272 breviusculum,
1183 2232 1335 2273 squamis
1375 2230 1568 2262 minoribus
1607 2231 1737 2263 ciliatis

73 2288 330 2329 imbricatum‚
374 2287 523 2319 maxilla
558 2287 723 2320 inferiore
756 2292 980 2331 prominente
1012 2291 1057 2321 ad
1082 2291 1241 2323 fiaenum
1270 2292 1338 2320 oris
1367 2289 1539 2321 latissima
1566 2291 1737 2333 operculo

71 2350 243 2380 anteriori
270 2350 306 2379 et
334 2348 491 2380 inferiori
519 2349 707 2390 conjuncta
733 2351 770 2380 et
796 2350 951 2382 ossiculo
979 2354 1159 2393 mystaceo
1188 2349 1230 2380 ad
1258 2350 1327 2380 oris
1355 2349 1514 2380 fraenum
1542 2349 1738 2383 latescente

69 2409 238 2454 utrinque
272 2406 429 2441 obtecta.
497 2405 577 2440 Ossa
605 2406 754 2441 labialia
785 2410 952 2453 utrinque
983 2412 1131 2452 angusta
1163 2409 1297 2441 labium
1331 2411 1490 2452 superius
1516 2410 1739 2454 protractile,

1248 2475 1296 2505 ἰν),
