2185 2890
870 145 1014 170 Ξ
1683 136 1766 188 309

94 245 267 289 ellyptica
300 252 448 291 angusta
482 247 523 280 ad
557 246 693 280 orbitae
729 249 924 290 marginem
956 249 1170 281 anteriorem
1198 247 1393 281 ascendens
1426 245 1572 282 inferius
1597 249 1770 285 lamellae

92 309 237 338 secundae
268 310 482 340 tenerrimae
520 308 715 349 angustiori
755 307 908 339 orbitam
949 308 1153 340 inferiorem
1189 308 1357 339 formanti
1396 310 1591 351 imposita,
1635 311 1770 344 lamina

89 376 192 398 ossea
219 367 416 410 subjacens,
444 366 653 409 operculum
680 366 835 398 medium
862 366 1030 408 formans,
1059 367 1181 399 subtus
1210 367 1304 409 plica
1330 365 1462 400 itshmo
1488 369 1602 411 juguli
1619 371 1768 414 adnata,

89 435 196 458 carne
221 428 355 468 tegitur
381 425 606 457 suborbitali.
671 423 806 458 Lamina
831 427 986 468 posterior
1011 429 1167 458 maxima
1192 426 1364 457 latissima
1392 438 1491 459 ossea
1518 429 1677 462 conchae
1705 430 1768 463 ad.

87 486 199 517 instar
225 485 424 527 fornicata,
464 487 619 516 anterius
660 495 740 517 cum
782 486 920 517 orbitae
960 488 1116 528 margine
1160 486 1351 528 posteriori
1390 488 1519 529 juncta.
1578 486 1768 522 Membrana

87 544 323 584 branchiostcga
366 544 552 576 triradiata
597 547 690 577 inter
735 545 895 587 operculi
948 545 1117 577 laminam
1162 546 1377 576 anteriorem
1427 545 1551 578 subtus
1598 549 1768 590 utrinque

85 607 371 646 approximatam
400 607 585 636 coarctata
611 608 647 637 et
673 606 708 635 in
736 604 867 637 isthmo
895 605 999 647 gulae
1024 607 1223 647 conjuncta.
1253 600 1376 646 Corpus
1393 604 1585 647 oblongum
1606 611 1767 641 erectum

86 663 423 705 microlepidotum,
471 665 626 706 squamis
666 664 828 695 laevibus
870 664 1100 696 subtilissime
1141 663 1460 696 radiato-striatis
1503 664 1665 708 oblongis
1709 665 1765 713 (v.

84 723 170 754 Tab.
199 726 274 755 XV.
302 724 372 764 Fig.
402 722 434 755 5.
468 735 497 755 a.
516 723 580 762 la),
611 723 654 754 ad
681 728 790 766 caput
818 724 1014 756 minoribus
1043 733 1164 755 versus
1192 733 1297 753 anum
1325 726 1363 756 et
1391 723 1543 756 caudam
1570 726 1764 766 majoribus

84 782 308 814 imbricatum
349 783 621 814 crassiusculum
666 783 797 815 leviter
836 794 1106 826 compressum,
1149 783 1505 825 ventre-dorsoque
1546 794 1763 820 convexum.

85 839 183 874 Linea
211 842 351 874 lateralis
378 846 476 874 recta
504 853 626 873 versus
666 843 821 874 medium
857 846 1018 886 corporis
1058 842 1242 885 paululum
1278 842 1496 874 descendens
1531 854 1594 886 per
1616 847 1762 878 »seriem

80 911 306 943 squamarum
336 901 437 943 (Tab.
468 905 540 934 XV.
570 905 638 943 Fig.
672 901 705 935 5.
734 915 761 934 c.
790 903 838 944 d.)
867 906 1005 945 postice
1038 904 1228 934 incisarum
1257 913 1427 944 expressa
1456 913 1579 934 versus
1607 905 1759 936 caudam

78 964 187 1003 magis
216 963 418 1003 conspicua.
474 960 571 994 Calor
598 964 631 993 in
660 962 766 993 dorso
792 962 1061 994 atrocoeruleus
1090 963 1238 1005 nitidus⁷
1268 972 1391 993 versus
1418 962 1532 994 latera
1562 963 1758 1005 subargen-

77 1026 182 1060 teus,
211 1021 333 1052 subtus
361 1021 497 1052 albens.
549 1018 666 1053 Pinnae
690 1024 862 1064 pectorales
891 1021 1165 1064 quatuordecim
1194 1022 1382 1064 radiatae,
1424 1022 1512 1052 radii
1541 1023 1646 1053 medii
1677 1023 1756 1055 Ion-

77 1081 206 1123 gissimi
225 1101 234 1118 ‚
277 1082 433 1112 vcitmllf's
459 1081 745 1112 (leczniradiatae
774 1082 873 1112 radio
903 1084 1017 1124 primo
1045 1091 1147 1112 osseo
1176 1083 1379 1112 acuminato
1401 1103 1410 1120 ‚
1453 1082 1584 1113 dorsalis
1610 1082 1755 1115 decem-

76 1141 211 1172 radiata
239 1143 277 1171 et
302 1140 632 1172 duodecimradiata
651 1163 659 1179 ,
689 1140 789 1171 radio
818 1143 932 1182 primo
959 1151 1040 1172 cum
1067 1140 1284 1171 adminiculo
1313 1139 1481 1180 radicali‚
1517 1140 1644 1173 ultimo
1672 1142 1754 1174 bre-

74 1203 221 1231 vissimo
249 1200 292 1230 ad
319 1199 416 1230 basin
446 1210 555 1240 usque
585 1200 692 1240 fisso,
736 1200 898 1231 omnibus
939 1200 983 1231 ad
1023 1202 1140 1242 apices
1182 1199 1416 1245 quadrifidis,
1457 1199 1607 1232 dorsalis
1646 1203 1752 1246 pinna

73 1259 293 1292 ventralibus
321 1261 487 1300 opposita
506 1283 515 1298 ‚
543 1261 642 1290 millis
672 1271 704 1301 p.
733 1260 1036 1301 septemradiata,
1072 1259 1172 1290 radio
1202 1261 1316 1300 primo
1348 1259 1500 1301 simplici
1527 1269 1607 1290 cum
1635 1260 1749 1292 admi-

72 1319 190 1351 niculo
230 1318 403 1356 radicati,
454 1318 602 1364 reliquis
642 1319 877 1360 quadrifidis,
924 1320 1034 1350 tertio
1076 1317 1287 1359 longissimo
1327 1321 1482 1360 septimo
1522 1318 1748 1351 brevissimo.

72 1377 225 1412 Caifiz'alis
253 1379 347 1421 pinna
379 1377 514 1408 bifurca
554 1378 681 1409 lacinia
724 1378 869 1410 inferior
907 1377 1015 1420 paulo
1054 1379 1167 1419 major
1209 1377 1542 1418 undecimradiata,
1584 1380 1750 1421 superior

70 1438 358 1475 novem-adata,
387 1441 464 1469 tota
493 1440 599 1480 pinna
627 1439 751 1479 viginti
780 1437 886 1468 radiis
914 1437 1058 1468 suffulta
1085 1439 1261 1469 extremis
1288 1437 1497 1470 lateralibus
1525 1448 1606 1470 cum
1633 1438 1748 1470 admi-

71 1498 190 1529 niculo
219 1498 363 1528 radicali
393 1499 563 1529 connatis.
607 1496 707 1529 Radii
738 1499 924 1539 pinnarum
952 1497 995 1527 ad
1022 1499 1275 1528 extremitates
1307 1497 1499 1539 quadrifidi
1527 1501 1563 1529 et
1590 1499 1745 1530 extremi

70 1558 114 1589 ad
144 1557 280 1588 radices
306 1557 479 1598 duplicati
507 1556 565 1587 vel
596 1567 641 1587 ex
670 1556 758 1587 binis
786 1559 920 1587 truncis
948 1559 1118 1596 connati,
1147 1566 1251 1598 quam
1282 1556 1326 1587 ob
1355 1567 1428 1588 rem
1456 1559 1591 1599 primus
1622 1557 1746 1588 dorsa-

67 1617 110 1647 lis
138 1617 445 1658 longitudinaliter
471 1616 514 1646 ad
540 1616 640 1646 basin
668 1615 825 1646 sulcatus
853 1619 906 1647 est
924 1639 934 1655 ,
989 1616 1086 1657 quod
1112 1617 1219 1647 etiam
1249 1618 1282 1646 in
1314 1617 1429 1657 primo
1456 1615 1567 1646 analis
1595 1619 1632 1647 et
1659 1626 1743 1647 cau-

70 1676 208 1706 dalibus
236 1678 406 1707 extremis
434 1675 507 1706 fere
537 1685 582 1705 ex
610 1674 723 1705 tribus
751 1677 958 1715 compositis
985 1677 1154 1706 cernitur.
1208 1677 1246 1705 In
1281 1674 1413 1705 dorsali
1450 1678 1487 1706 et
1514 1674 1607 1705 anali
1634 1677 1743 1718 pinna

68 1735 157 1766 radii
190 1734 295 1765 valde
329 1735 486 1774 distant,
528 1733 731 1776 pectorales
765 1733 945 1765 ventralcs
978 1737 1014 1765 et
1049 1733 1160 1764 analis
1194 1735 1321 1775 pinnae
1356 1734 1742 1768 aureo-rubescentes

67 1798 103 1826 et
129 1794 172 1825 ad
204 1794 303 1824 basin
331 1796 573 1835 prominentes
594 1815 603 1833 ‚
649 1793 851 1834 pectorales
881 1792 970 1824 adro
998 1793 1186 1824 tuberosae
1205 1815 1214 1831 ,
1267 1792 1481 1825 ventralium
1510 1793 1647 1826 radices
1673 1806 1741 1838 per

65 1853 349 1885 membranosam
376 1853 541 1884 laminam
570 1852 823 1893 triangularem
852 1856 1072 1894 squamatam
1100 1853 1318 1894 obteguntur
1372 1854 1468 1883 Anus
1495 1853 1629 1885 caudae
1655 1866 1737 1897 pro.

65 1916 155 1956 pior.
207 1916 348 1944 Interna
375 1924 444 1943 non
471 1912 670 1954 exploravi.
723 1911 996 1943 Characteribus
1035 1917 1215 1944 caeterum
1255 1914 1393 1953 generis
1432 1914 1635 1954 cyprinacei
1673 1925 1735 1947 ore

63 1975 229 2004 nimirum
257 1973 453 2012 edentulo,
493 1972 659 2002 dentibus
698 1974 780 2013 post
813 1971 1102 2011 branehialibus,
1142 1972 1342 2003 membrana
1369 1971 1640 2014 branchiost.>ga
1671 1976 1734 2005 tri,

63 2033 200 2063 radiata
231 2035 396 2073 utrinque
426 2035 618 2063 instructus
647 2034 711 2062 est.
740 2034 769 2061 A
797 2031 1033 2062 celeberrimo
1063 2031 1171 2064 Μῆτίς
1199 2031 1301 2074 plura
1329 2032 1520 2074 specimina
1549 2034 1733 2065 exsiccata

61 2101 106 2122 ex
134 2093 312 2133 Covyniae
347 2091 454 2122 fluvio
490 2091 599 2123 allata
637 2094 743 2129 sunt,
785 2101 874 2133 quae
915 2094 1054 2123 nomine
1086 2090 1382 2123 Tschukutschan
1418 2091 1601 2132 designata
1634 2096 1727 2126 sunt.

59 2150 259 2184 Annotavit
286 2152 388 2180 simul
418 2151 509 2181 illem
527 2172 536 2188 ,
585 2151 750 2191 „piscem
790 2153 822 2180 in
851 2153 941 2181 Lena
969 2155 1004 2182 et
1034 2152 1205 2192 Indigirca
1235 2153 1380 2194 ejusque
1407 2150 1606 2181 collaterali
1636 2151 1726 2193 lapi-

61 2210 149 2241 doso
178 2210 300 2251 Dogdo
331 2209 446 2240 fluviis
474 2212 657 2251 copiosum
687 2219 762 2240 esse
790 2210 852 2240 sed
879 2214 1027 2252 propter
1054 2212 1205 2242 nationis
1236 2209 1467 2240 velocitatem
1495 2214 1602 2252 captu
1635 2211 1725 2242 diffi,

58 2269 162 2300 cilem
190 2279 266 2300 esse
293 2273 329 2300 et
357 2280 426 2300 non
455 2271 519 2300 nisi
546 2271 580 2299 in
607 2269 724 2300 coecis
751 2268 934 2300 fluminum
962 2272 1066 2300 ramis
1095 2269 1199 2300 haino
1225 2271 1330 2310 capi,
1364 2270 1534 2309 gregatim
1564 2274 1599 2302 et
1625 2271 1723 2303 velo-

57 2331 200 2361 cissime
228 2332 376 2371 natare,
406 2329 667 2372 sapidissimum
695 2332 901 2371 caeterum,
933 2334 1086 2372 excepto
1117 2340 1224 2370 vere,
1255 2339 1334 2362 cum
1361 2337 1429 2360 ova
1458 2333 1628 2375 spargunt
1655 2341 1720 2364 nee
