<?xml version="1.0" encoding="UTF-8"?>
<!DOCTYPE html PUBLIC "-//W3C//DTD XHTML 1.0 Transitional//EN"
    "http://www.w3.org/TR/xhtml1/DTD/xhtml1-transitional.dtd">
<html xmlns="http://www.w3.org/1999/xhtml" xml:lang="en" lang="en">
 <head>
  <title>
</title>
<meta http-equiv="Content-Type" content="text/html;charset=utf-8" />
  <meta name='ocr-system' content='tesseract 3.04.00' />
  <meta name='ocr-capabilities' content='ocr_page ocr_carea ocr_par ocr_line ocrx_word'/>
</head>
<body>
  <div class='ocr_page' id='page_1' title='image "./zoographiarossoa31831pall_0390.png"; bbox 0 0 2185 2890; ppageno 0'>
   <div class='ocr_carea' id='block_1_1' title="bbox 411 175 1332 223">
    <p class='ocr_par' dir='ltr' id='par_1_1' title="bbox 411 175 1332 223">
     <span class='ocr_line' id='line_1_1' title="bbox 411 175 1332 223; baseline -0.017 -6"><span class='ocrx_word' id='word_1_1' title='bbox 411 175 501 223; x_wconf 61' lang='lat'>374</span> <span class='ocrx_word' id='word_1_2' title='bbox 1185 176 1332 203; x_wconf 53' lang='lat' dir='ltr'><strong>m</strong></span> 
     </span>
    </p>
   </div>
   <div class='ocr_carea' id='block_1_2' title="bbox 503 217 2006 369">
    <p class='ocr_par' dir='ltr' id='par_1_2' title="bbox 503 217 2006 369">
     <span class='ocr_line' id='line_1_2' title="bbox 503 217 2006 369; baseline -0.009 -29"><span class='ocrx_word' id='word_1_3' title='bbox 503 296 616 344; x_wconf 76' lang='lat'>261.</span> <span class='ocrx_word' id='word_1_4' title='bbox 665 292 942 338; x_wconf 79' lang='lat' dir='ltr'>SALMO</span> <span class='ocrx_word' id='word_1_5' title='bbox 988 296 1348 353; x_wconf 75' lang='lat' dir='ltr'>purpuratus.</span> <span class='ocrx_word' id='word_1_6' title='bbox 1390 288 1518 332; x_wconf 80' lang='grc' dir='ltr'><em>ἸΑΒ.</em></span> <span class='ocrx_word' id='word_1_7' title='bbox 1559 217 1919 369; x_wconf 45' lang='grc' dir='ltr'>ΕζΧῧῖ.ἢὶς,</span> <span class='ocrx_word' id='word_1_8' title='bbox 1965 305 2006 335; x_wconf 67' lang='lat'>1,</span> 
     </span>
    </p>
   </div>
   <div class='ocr_carea' id='block_1_3' title="bbox 411 423 2111 2381">
    <p class='ocr_par' dir='ltr' id='par_1_3' title="bbox 551 423 2098 489">
     <span class='ocr_line' id='line_1_3' title="bbox 551 423 2098 489; baseline -0.005 -16"><span class='ocrx_word' id='word_1_9' title='bbox 551 435 590 475; x_wconf 89' lang='lat' dir='ltr'>S.</span> <span class='ocrx_word' id='word_1_10' title='bbox 622 446 795 489; x_wconf 84' lang='lat' dir='ltr'>corpore</span> <span class='ocrx_word' id='word_1_11' title='bbox 824 430 1035 472; x_wconf 87' lang='lat' dir='ltr'>maculoso</span> <span class='ocrx_word' id='word_1_12' title='bbox 1066 427 1191 469; x_wconf 85' lang='lat' dir='ltr'>fascia</span> <span class='ocrx_word' id='word_1_13' title='bbox 1221 425 1386 471; x_wconf 69' lang='lat' dir='ltr'>laterali</span> <span class='ocrx_word' id='word_1_14' title='bbox 1414 426 1548 476; x_wconf 85' lang='lat' dir='ltr'>rubra,</span> <span class='ocrx_word' id='word_1_15' title='bbox 1578 423 1720 480; x_wconf 81' lang='lat' dir='ltr'>pinnis</span> <span class='ocrx_word' id='word_1_16' title='bbox 1750 423 1971 481; x_wconf 76' lang='lat' dir='ltr'>variegatis</span> <span class='ocrx_word' id='word_1_17' title='bbox 2002 428 2098 468; x_wconf 88' lang='lat' dir='ltr'>dor-</span> 
     </span>
    </p>

    <p class='ocr_par' dir='ltr' id='par_1_4' title="bbox 411 504 2102 1005">
     <span class='ocr_line' id='line_1_4' title="bbox 411 504 1375 564; baseline -0.011 -11"><span class='ocrx_word' id='word_1_18' title='bbox 411 510 491 554; x_wconf 81' lang='lat' dir='ltr'>sali</span> <span class='ocrx_word' id='word_1_19' title='bbox 521 508 713 564; x_wconf 86' lang='lat' dir='ltr'>analique</span> <span class='ocrx_word' id='word_1_20' title='bbox 751 525 797 548; x_wconf 80' lang='lat'>12</span> <span class='ocrx_word' id='word_1_21' title='bbox 830 505 1028 556; x_wconf 58' lang='lat' dir='ltr'>radians,</span> <span class='ocrx_word' id='word_1_22' title='bbox 1059 505 1191 546; x_wconf 80' lang='lat' dir='ltr'>cauda</span> <span class='ocrx_word' id='word_1_23' title='bbox 1221 504 1375 543; x_wconf 83' lang='lat' dir='ltr'>lunata.</span> 
     </span>
     <span class='ocr_line' id='line_1_5' title="bbox 632 576 2099 628; baseline -0.003 -4"><span class='ocrx_word' id='word_1_24' title='bbox 632 585 774 628; x_wconf 86' lang='lat' dir='ltr'>Salmo</span> <span class='ocrx_word' id='word_1_25' title='bbox 822 583 1049 622; x_wconf 85' lang='lat' dir='ltr'>secundum</span> <span class='ocrx_word' id='word_1_26' title='bbox 1101 581 1267 620; x_wconf 84' lang='lat' dir='ltr'>dorsum</span> <span class='ocrx_word' id='word_1_27' title='bbox 1317 577 1520 620; x_wconf 84' lang='lat' dir='ltr'>latissima</span> <span class='ocrx_word' id='word_1_28' title='bbox 1570 578 1692 618; x_wconf 85' lang='lat' dir='ltr'>rubra</span> <span class='ocrx_word' id='word_1_29' title='bbox 1732 576 1860 617; x_wconf 86' lang='lat' dir='ltr'>fascia</span> <span class='ocrx_word' id='word_1_30' title='bbox 1907 590 2099 628; x_wconf 82' lang='lat' dir='ltr'>notatus,</span> 
     </span>
     <span class='ocr_line' id='line_1_6' title="bbox 689 659 1129 700; baseline -0.007 0"><span class='ocrx_word' id='word_1_31' title='bbox 689 661 844 700; x_wconf 76' lang='lat' dir='ltr'>Steller.</span> <span class='ocrx_word' id='word_1_32' title='bbox 876 659 959 699; x_wconf 80' lang='lat' dir='ltr'>obs.</span> <span class='ocrx_word' id='word_1_33' title='bbox 990 660 1129 698; x_wconf 73' lang='lat' dir='ltr'>MStae‚</span> 
     </span>
     <span class='ocr_line' id='line_1_7' title="bbox 522 728 2102 786; baseline -0.004 -8"><span class='ocrx_word' id='word_1_34' title='bbox 522 735 664 779; x_wconf 85' lang='lat' dir='ltr'>Rossis</span> <span class='ocrx_word' id='word_1_35' title='bbox 693 737 737 776; x_wconf 84' lang='lat' dir='ltr'>in</span> <span class='ocrx_word' id='word_1_36' title='bbox 769 733 1062 776; x_wconf 81' lang='lat' dir='ltr'>Camtschatca</span> <span class='ocrx_word' id='word_1_37' title='bbox 1092 731 1334 778; x_wconf 57' lang='lat' dir='ltr'>mutuatffa</span> <span class='ocrx_word' id='word_1_38' title='bbox 1363 728 1698 771; x_wconf 85' lang='lat' dir='ltr'>Camtschadalis</span> <span class='ocrx_word' id='word_1_39' title='bbox 1727 729 1898 772; x_wconf 88' lang='lat' dir='ltr'>nomine</span> <span class='ocrx_word' id='word_1_40' title='bbox 1919 732 2102 786; x_wconf 70' lang='lat' dir='ltr'>Myltyss</span> 
     </span>
     <span class='ocr_line' id='line_1_8' title="bbox 582 812 1061 853; baseline -0.006 0"><span class='ocrx_word' id='word_1_41' title='bbox 582 813 649 853; x_wconf 65' lang='lat' dir='ltr'>vel</span> <span class='ocrx_word' id='word_1_42' title='bbox 673 812 827 853; x_wconf 84' lang='lat' dir='ltr'>rossice</span> <span class='ocrx_word' id='word_1_43' title='bbox 858 812 1061 851; x_wconf 68' lang='lat' dir='ltr'>Pes-traek.</span> 
     </span>
     <span class='ocr_line' id='line_1_9' title="bbox 524 884 1486 941; baseline -0.006 -13"><span class='ocrx_word' id='word_1_44' title='bbox 524 887 859 930; x_wconf 80' lang='lat' dir='ltr'>Camtschadalis</span> <span class='ocrx_word' id='word_1_45' title='bbox 888 888 1020 941; x_wconf 73' lang='lat' dir='ltr'>Myhk</span> <span class='ocrx_word' id='word_1_46' title='bbox 1049 897 1090 926; x_wconf 86' lang='lat' dir='ltr'>et</span> <span class='ocrx_word' id='word_1_47' title='bbox 1123 884 1486 927; x_wconf 72' lang='lat' dir='ltr'>Unachtschutsch.</span> 
     </span>
     <span class='ocr_line' id='line_1_10' title="bbox 523 962 907 1005; baseline -0.008 0"><span class='ocrx_word' id='word_1_48' title='bbox 523 962 720 1005; x_wconf 83' lang='lat' dir='ltr'>Coraecis</span> <span class='ocrx_word' id='word_1_49' title='bbox 748 964 907 1003; x_wconf 61' lang='lat' dir='ltr'>Jamlzo.</span> 
     </span>
    </p>

    <p class='ocr_par' dir='ltr' id='par_1_5' title="bbox 416 1032 2109 2079">
     <span class='ocr_line' id='line_1_11' title="bbox 554 1032 2102 1094; baseline -0.003 -15"><span class='ocrx_word' id='word_1_50' title='bbox 554 1042 669 1079; x_wconf 83' lang='lat' dir='ltr'>Haec</span> <span class='ocrx_word' id='word_1_51' title='bbox 697 1037 857 1094; x_wconf 88' lang='lat' dir='ltr'>species</span> <span class='ocrx_word' id='word_1_52' title='bbox 888 1038 1181 1078; x_wconf 85' lang='lat' dir='ltr'>catanadroma</span> <span class='ocrx_word' id='word_1_53' title='bbox 1210 1051 1264 1077; x_wconf 85' lang='lat' dir='ltr'>ex</span> <span class='ocrx_word' id='word_1_54' title='bbox 1286 1037 1457 1078; x_wconf 79' lang='lat' dir='ltr'>Oceano</span> <span class='ocrx_word' id='word_1_55' title='bbox 1481 1033 1677 1076; x_wconf 85' lang='lat' dir='ltr'>orientali</span> <span class='ocrx_word' id='word_1_56' title='bbox 1701 1035 1847 1077; x_wconf 84' lang='lat' dir='ltr'>fluvios</span> <span class='ocrx_word' id='word_1_57' title='bbox 1867 1032 2102 1089; x_wconf 81' lang='lat' dir='ltr'>Bolschaja,</span> 
     </span>
     <span class='ocr_line' id='line_1_12' title="bbox 417 1110 2104 1172; baseline -0.003 -17"><span class='ocrx_word' id='word_1_58' title='bbox 417 1119 604 1172; x_wconf 76' lang='lat' dir='ltr'>Bystraja</span> <span class='ocrx_word' id='word_1_59' title='bbox 636 1125 679 1154; x_wconf 82' lang='lat' dir='ltr'>et</span> <span class='ocrx_word' id='word_1_60' title='bbox 709 1125 930 1170; x_wconf 76' lang='lat' dir='ltr'>sequentes</span> <span class='ocrx_word' id='word_1_61' title='bbox 960 1113 1004 1154; x_wconf 90' lang='lat' dir='ltr'>in</span> <span class='ocrx_word' id='word_1_62' title='bbox 1043 1112 1374 1154; x_wconf 86' lang='lat' dir='ltr'>Penshinensem</span> <span class='ocrx_word' id='word_1_63' title='bbox 1404 1111 1540 1152; x_wconf 88' lang='lat' dir='ltr'>sinum</span> <span class='ocrx_word' id='word_1_64' title='bbox 1579 1111 1843 1161; x_wconf 80' lang='lat' dir='ltr'><strong>incidentes,</strong></span> <span class='ocrx_word' id='word_1_65' title='bbox 1894 1126 2022 1166; x_wconf 85' lang='lat' dir='ltr'>usque</span> <span class='ocrx_word' id='word_1_66' title='bbox 2052 1110 2104 1150; x_wconf 86' lang='lat' dir='ltr'>ad</span> 
     </span>
     <span class='ocr_line' id='line_1_13' title="bbox 416 1187 2104 1247; baseline -0.003 -16"><span class='ocrx_word' id='word_1_67' title='bbox 416 1192 558 1247; x_wconf 83' lang='lat' dir='ltr'>Tigil,</span> <span class='ocrx_word' id='word_1_68' title='bbox 604 1190 655 1230; x_wconf 88' lang='lat' dir='ltr'>ab</span> <span class='ocrx_word' id='word_1_69' title='bbox 693 1189 816 1230; x_wconf 86' lang='lat' dir='ltr'>initio</span> <span class='ocrx_word' id='word_1_70' title='bbox 845 1189 958 1230; x_wconf 87' lang='lat' dir='ltr'>Junii</span> <span class='ocrx_word' id='word_1_71' title='bbox 1001 1203 1126 1244; x_wconf 83' lang='lat' dir='ltr'>usque</span> <span class='ocrx_word' id='word_1_72' title='bbox 1157 1190 1209 1229; x_wconf 87' lang='lat' dir='ltr'>ad</span> <span class='ocrx_word' id='word_1_73' title='bbox 1241 1187 1497 1244; x_wconf 81' lang='lat' dir='ltr'>Septembris</span> <span class='ocrx_word' id='word_1_74' title='bbox 1528 1188 1652 1227; x_wconf 83' lang='lat' dir='ltr'>finem</span> <span class='ocrx_word' id='word_1_75' title='bbox 1681 1187 1819 1228; x_wconf 82' lang='lat' dir='ltr'>subire</span> <span class='ocrx_word' id='word_1_76' title='bbox 1848 1187 1978 1233; x_wconf 88' lang='lat' dir='ltr'>solet,</span> <span class='ocrx_word' id='word_1_77' title='bbox 2020 1200 2104 1226; x_wconf 88' lang='lat' dir='ltr'>non</span> 
     </span>
     <span class='ocr_line' id='line_1_14' title="bbox 421 1262 2106 1323; baseline -0.004 -16"><span class='ocrx_word' id='word_1_78' title='bbox 421 1267 622 1323; x_wconf 74' lang='lat' dir='ltr'>gregatim</span> <span class='ocrx_word' id='word_1_79' title='bbox 641 1298 650 1315; x_wconf 93' lang='lat'>‚</span> <span class='ocrx_word' id='word_1_80' title='bbox 694 1267 763 1306; x_wconf 86' lang='lat' dir='ltr'>sed</span> <span class='ocrx_word' id='word_1_81' title='bbox 794 1265 994 1306; x_wconf 79' lang='lat' dir='ltr'>solitaria.</span> <span class='ocrx_word' id='word_1_82' title='bbox 1054 1264 1203 1320; x_wconf 83' lang='lat' dir='ltr'>Aliqui</span> <span class='ocrx_word' id='word_1_83' title='bbox 1232 1264 1360 1304; x_wconf 82' lang='lat' dir='ltr'>etiam</span> <span class='ocrx_word' id='word_1_84' title='bbox 1390 1274 1481 1304; x_wconf 88' lang='lat' dir='ltr'>toto</span> <span class='ocrx_word' id='word_1_85' title='bbox 1512 1278 1622 1304; x_wconf 86' lang='lat' dir='ltr'>anno</span> <span class='ocrx_word' id='word_1_86' title='bbox 1652 1265 1694 1304; x_wconf 86' lang='lat' dir='ltr'>in</span> <span class='ocrx_word' id='word_1_87' title='bbox 1725 1262 1862 1304; x_wconf 87' lang='lat' dir='ltr'>fluviis</span> <span class='ocrx_word' id='word_1_88' title='bbox 1891 1275 2106 1302; x_wconf 83' lang='lat' dir='ltr'>remanere</span> 
     </span>
     <span class='ocr_line' id='line_1_15' title="bbox 422 1340 2105 1399; baseline -0.003 -16"><span class='ocrx_word' id='word_1_89' title='bbox 422 1343 617 1384; x_wconf 85' lang='lat' dir='ltr'>dicuntur</span> <span class='ocrx_word' id='word_1_90' title='bbox 647 1353 688 1382; x_wconf 80' lang='lat' dir='ltr'>et</span> <span class='ocrx_word' id='word_1_91' title='bbox 719 1341 868 1399; x_wconf 81' lang='lat' dir='ltr'>medio</span> <span class='ocrx_word' id='word_1_92' title='bbox 892 1341 995 1395; x_wconf 87' lang='lat' dir='ltr'>Maji</span> <span class='ocrx_word' id='word_1_93' title='bbox 1025 1341 1076 1381; x_wconf 81' lang='lat' dir='ltr'>ad</span> <span class='ocrx_word' id='word_1_94' title='bbox 1106 1354 1217 1380; x_wconf 84' lang='lat' dir='ltr'>mare</span> <span class='ocrx_word' id='word_1_95' title='bbox 1249 1340 1400 1380; x_wconf 85' lang='lat' dir='ltr'>redire.</span> <span class='ocrx_word' id='word_1_96' title='bbox 1453 1340 1520 1380; x_wconf 92' lang='lat' dir='ltr'>Ob</span> <span class='ocrx_word' id='word_1_97' title='bbox 1553 1340 1823 1380; x_wconf 80' lang='lat' dir='ltr'>voracitatem</span> <span class='ocrx_word' id='word_1_98' title='bbox 1852 1354 1967 1392; x_wconf 77' lang='lat' dir='ltr'>suam</span> <span class='ocrx_word' id='word_1_99' title='bbox 2001 1352 2105 1377; x_wconf 85' lang='lat' dir='ltr'>sem·</span> 
     </span>
     <span class='ocr_line' id='line_1_16' title="bbox 420 1413 2105 1475; baseline -0.003 -17"><span class='ocrx_word' id='word_1_100' title='bbox 420 1433 496 1475; x_wconf 87' lang='lat' dir='ltr'>per</span> <span class='ocrx_word' id='word_1_101' title='bbox 525 1417 729 1474; x_wconf 86' lang='lat' dir='ltr'>reperitur</span> <span class='ocrx_word' id='word_1_102' title='bbox 769 1416 1060 1474; x_wconf 73' lang='lat' dir='ltr'>praepinguis,</span> <span class='ocrx_word' id='word_1_103' title='bbox 1102 1426 1147 1455; x_wconf 86' lang='lat' dir='ltr'>ut</span> <span class='ocrx_word' id='word_1_104' title='bbox 1183 1415 1316 1455; x_wconf 78' lang='lat' dir='ltr'>carnis</span> <span class='ocrx_word' id='word_1_105' title='bbox 1358 1415 1476 1455; x_wconf 80' lang='lat' dir='ltr'>albae</span> <span class='ocrx_word' id='word_1_106' title='bbox 1513 1426 1556 1455; x_wconf 89' lang='lat' dir='ltr'>et</span> <span class='ocrx_word' id='word_1_107' title='bbox 1583 1415 1824 1456; x_wconf 82' lang='lat' dir='ltr'>lamellosae</span> <span class='ocrx_word' id='word_1_108' title='bbox 1854 1413 2105 1470; x_wconf 73' lang='lat' dir='ltr'>praestantia</span> 
     </span>
     <span class='ocr_line' id='line_1_17' title="bbox 423 1490 2106 1550; baseline -0.003 -16"><span class='ocrx_word' id='word_1_109' title='bbox 423 1509 521 1550; x_wconf 84' lang='lat' dir='ltr'>prae</span> <span class='ocrx_word' id='word_1_110' title='bbox 553 1492 746 1534; x_wconf 80' lang='lat' dir='ltr'>omnibus</span> <span class='ocrx_word' id='word_1_111' title='bbox 776 1492 998 1533; x_wconf 86' lang='lat' dir='ltr'>laudabilis</span> <span class='ocrx_word' id='word_1_112' title='bbox 1028 1492 1094 1532; x_wconf 88' lang='lat' dir='ltr'>sit.</span> <span class='ocrx_word' id='word_1_113' title='bbox 1153 1490 1339 1533; x_wconf 81' lang='lat' dir='ltr'>Pascitur</span> <span class='ocrx_word' id='word_1_114' title='bbox 1374 1490 1490 1532; x_wconf 85' lang='lat' dir='ltr'>enim</span> <span class='ocrx_word' id='word_1_115' title='bbox 1528 1491 1728 1532; x_wconf 88' lang='lat' dir='ltr'>continuo</span> <span class='ocrx_word' id='word_1_116' title='bbox 1758 1491 1832 1530; x_wconf 90' lang='lat' dir='ltr'>sub</span> <span class='ocrx_word' id='word_1_117' title='bbox 1865 1491 2106 1530; x_wconf 75' lang='lat' dir='ltr'>adscensum</span> 
     </span>
     <span class='ocr_line' id='line_1_18' title="bbox 422 1565 2109 1622; baseline -0.002 -12"><span class='ocrx_word' id='word_1_118' title='bbox 422 1569 668 1618; x_wconf 72' lang='lat' dir='ltr'>fluviorum,</span> <span class='ocrx_word' id='word_1_119' title='bbox 700 1583 782 1609; x_wconf 84' lang='lat' dir='ltr'>non</span> <span class='ocrx_word' id='word_1_120' title='bbox 811 1569 944 1608; x_wconf 87' lang='lat' dir='ltr'>solum</span> <span class='ocrx_word' id='word_1_121' title='bbox 976 1568 1066 1608; x_wconf 87' lang='lat' dir='ltr'>ovis</span> <span class='ocrx_word' id='word_1_122' title='bbox 1097 1566 1300 1622; x_wconf 77' lang='lat' dir='ltr'>piscium,</span> <span class='ocrx_word' id='word_1_123' title='bbox 1330 1565 1568 1621; x_wconf 83' lang='lat' dir='ltr'>pisciculis,</span> <span class='ocrx_word' id='word_1_124' title='bbox 1603 1565 1888 1622; x_wconf 70' lang='lat' dir='ltr'>Phrygmeis,</span> <span class='ocrx_word' id='word_1_125' title='bbox 1919 1566 2109 1606; x_wconf 77' lang='lat' dir='ltr'>Potamo-</span> 
     </span>
     <span class='ocr_line' id='line_1_19' title="bbox 425 1642 2108 1700; baseline -0.002 -15"><span class='ocrx_word' id='word_1_126' title='bbox 425 1656 591 1700; x_wconf 83' lang='lat' dir='ltr'>getone,</span> <span class='ocrx_word' id='word_1_127' title='bbox 621 1647 691 1686; x_wconf 84' lang='lat' dir='ltr'>sed</span> <span class='ocrx_word' id='word_1_128' title='bbox 724 1656 766 1685; x_wconf 84' lang='lat' dir='ltr'>et</span> <span class='ocrx_word' id='word_1_129' title='bbox 795 1644 979 1685; x_wconf 84' lang='lat' dir='ltr'>muribus</span> <span class='ocrx_word' id='word_1_130' title='bbox 1009 1643 1263 1698; x_wconf 75' lang='lat' dir='ltr'>migratoriis</span> <span class='ocrx_word' id='word_1_131' title='bbox 1294 1642 1464 1682; x_wconf 84' lang='lat' dir='ltr'>flumina</span> <span class='ocrx_word' id='word_1_132' title='bbox 1494 1642 1770 1689; x_wconf 83' lang='lat' dir='ltr'>tranantibus;</span> <span class='ocrx_word' id='word_1_133' title='bbox 1800 1642 1887 1684; x_wconf 85' lang='lat' dir='ltr'>imo</span> <span class='ocrx_word' id='word_1_134' title='bbox 1915 1642 1987 1683; x_wconf 88' lang='lat' dir='ltr'>ubi</span> <span class='ocrx_word' id='word_1_135' title='bbox 2016 1643 2108 1683; x_wconf 88' lang='lat' dir='ltr'>Sor-</span> 
     </span>
     <span class='ocr_line' id='line_1_20' title="bbox 427 1718 2107 1776; baseline -0.002 -15"><span class='ocrx_word' id='word_1_136' title='bbox 427 1722 525 1762; x_wconf 82' lang='lat' dir='ltr'>bum</span> <span class='ocrx_word' id='word_1_137' title='bbox 560 1720 764 1776; x_wconf 80' lang='lat' dir='ltr'>pumilam</span> <span class='ocrx_word' id='word_1_138' title='bbox 800 1736 895 1762; x_wconf 83' lang='lat' dir='ltr'>cum</span> <span class='ocrx_word' id='word_1_139' title='bbox 932 1720 1070 1762; x_wconf 80' lang='lat' dir='ltr'>baccis</span> <span class='ocrx_word' id='word_1_140' title='bbox 1112 1734 1240 1774; x_wconf 84' lang='lat' dir='ltr'>aquae</span> <span class='ocrx_word' id='word_1_141' title='bbox 1286 1718 1580 1759; x_wconf 83' lang='lat' dir='ltr'>immine-ntem</span> <span class='ocrx_word' id='word_1_142' title='bbox 1625 1719 1872 1775; x_wconf 84' lang='lat' dir='ltr'>conspexit,</span> <span class='ocrx_word' id='word_1_143' title='bbox 1925 1718 2107 1773; x_wconf 78' lang='lat' dir='ltr'>ingentis</span> 
     </span>
     <span class='ocr_line' id='line_1_21' title="bbox 427 1794 2108 1851; baseline -0.002 -15"><span class='ocrx_word' id='word_1_144' title='bbox 427 1797 600 1837; x_wconf 82' lang='lat' dir='ltr'>saltibus</span> <span class='ocrx_word' id='word_1_145' title='bbox 629 1812 681 1837; x_wconf 84' lang='lat' dir='ltr'>ex</span> <span class='ocrx_word' id='word_1_146' title='bbox 713 1812 817 1851; x_wconf 86' lang='lat' dir='ltr'>aqua</span> <span class='ocrx_word' id='word_1_147' title='bbox 843 1797 992 1840; x_wconf 62' lang='lat' dir='ltr'>exsilit</span> <span class='ocrx_word' id='word_1_148' title='bbox 1021 1807 1063 1837; x_wconf 82' lang='lat' dir='ltr'>et</span> <span class='ocrx_word' id='word_1_149' title='bbox 1091 1797 1238 1836; x_wconf 85' lang='lat' dir='ltr'>baccas</span> <span class='ocrx_word' id='word_1_150' title='bbox 1269 1794 1415 1849; x_wconf 80' lang='lat' dir='ltr'>carpit.</span> <span class='ocrx_word' id='word_1_151' title='bbox 1446 1794 1555 1835; x_wconf 84' lang='lat' dir='ltr'>Hinc</span> <span class='ocrx_word' id='word_1_152' title='bbox 1585 1806 1727 1835; x_wconf 80' lang='lat' dir='ltr'>contra</span> <span class='ocrx_word' id='word_1_153' title='bbox 1757 1810 1803 1835; x_wconf 89' lang='lat' dir='ltr'>ac</span> <span class='ocrx_word' id='word_1_154' title='bbox 1833 1795 1985 1850; x_wconf 83' lang='lat' dir='ltr'>reliqui</span> <span class='ocrx_word' id='word_1_155' title='bbox 2009 1803 2108 1834; x_wconf 86' lang='lat' dir='ltr'>trut-</span> 
     </span>
     <span class='ocr_line' id='line_1_22' title="bbox 425 1870 2108 1927; baseline -0.001 -15"><span class='ocrx_word' id='word_1_156' title='bbox 425 1872 536 1913; x_wconf 72' lang='lat' dir='ltr'>tacei</span> <span class='ocrx_word' id='word_1_157' title='bbox 567 1872 729 1921; x_wconf 82' lang='lat' dir='ltr'>Pisces,</span> <span class='ocrx_word' id='word_1_158' title='bbox 778 1872 852 1927; x_wconf 81' lang='lat' dir='ltr'>qui</span> <span class='ocrx_word' id='word_1_159' title='bbox 891 1871 935 1915; x_wconf 83' lang='lat' dir='ltr'>in</span> <span class='ocrx_word' id='word_1_160' title='bbox 979 1871 1196 1912; x_wconf 84' lang='lat' dir='ltr'>fluminum</span> <span class='ocrx_word' id='word_1_161' title='bbox 1239 1871 1461 1920; x_wconf 76' lang='lat' dir='ltr'>adscensu,</span> <span class='ocrx_word' id='word_1_162' title='bbox 1507 1870 1648 1910; x_wconf 82' lang='lat' dir='ltr'>inedia</span> <span class='ocrx_word' id='word_1_163' title='bbox 1691 1886 1840 1911; x_wconf 86' lang='lat' dir='ltr'>venere</span> <span class='ocrx_word' id='word_1_164' title='bbox 1883 1883 1926 1911; x_wconf 86' lang='lat' dir='ltr'>et</span> <span class='ocrx_word' id='word_1_165' title='bbox 1967 1871 2108 1911; x_wconf 80' lang='lat' dir='ltr'>labore</span> 
     </span>
     <span class='ocr_line' id='line_1_23' title="bbox 427 1946 2108 2004; baseline -0.001 -16"><span class='ocrx_word' id='word_1_166' title='bbox 427 1948 727 1996; x_wconf 82' lang='lat' dir='ltr'>macilescunt‚</span> <span class='ocrx_word' id='word_1_167' title='bbox 759 1947 831 1989; x_wconf 88' lang='lat' dir='ltr'>hic</span> <span class='ocrx_word' id='word_1_168' title='bbox 862 1947 1027 2004; x_wconf 80' lang='lat' dir='ltr'>pinguis</span> <span class='ocrx_word' id='word_1_169' title='bbox 1058 1958 1101 1988; x_wconf 84' lang='lat' dir='ltr'>et</span> <span class='ocrx_word' id='word_1_170' title='bbox 1130 1949 1238 1987; x_wconf 91' lang='lat' dir='ltr'>bene</span> <span class='ocrx_word' id='word_1_171' title='bbox 1267 1956 1431 2003; x_wconf 81' lang='lat' dir='ltr'>pastus,</span> <span class='ocrx_word' id='word_1_172' title='bbox 1461 1947 1569 1987; x_wconf 83' lang='lat' dir='ltr'>solus</span> <span class='ocrx_word' id='word_1_173' title='bbox 1599 1962 1693 1987; x_wconf 75' lang='lat' dir='ltr'>cuin</span> <span class='ocrx_word' id='word_1_174' title='bbox 1722 1949 1763 1988; x_wconf 90' lang='lat' dir='ltr'>S.</span> <span class='ocrx_word' id='word_1_175' title='bbox 1797 1946 1976 1998; x_wconf 86' lang='lat' dir='ltr'>Callari,</span> <span class='ocrx_word' id='word_1_176' title='bbox 2007 1946 2108 2003; x_wconf 86' lang='lat' dir='ltr'>hye-</span> 
     </span>
     <span class='ocr_line' id='line_1_24' title="bbox 427 2023 761 2079; baseline -0.006 -13"><span class='ocrx_word' id='word_1_177' title='bbox 427 2039 493 2067; x_wconf 84' lang='lat' dir='ltr'>me</span> <span class='ocrx_word' id='word_1_178' title='bbox 524 2039 606 2064; x_wconf 85' lang='lat' dir='ltr'>non</span> <span class='ocrx_word' id='word_1_179' title='bbox 637 2023 761 2079; x_wconf 77' lang='lat' dir='ltr'>perit.</span> 
     </span>
    </p>

    <p class='ocr_par' dir='ltr' id='par_1_6' title="bbox 430 2098 2111 2381">
     <span class='ocr_line' id='line_1_25' title="bbox 566 2098 2109 2155; baseline 0 -16"><span class='ocrx_word' id='word_1_180' title='bbox 566 2101 759 2140; x_wconf 75' lang='lat' dir='ltr'>Descr.</span> <span class='ocrx_word' id='word_1_181' title='bbox 821 2100 1068 2154; x_wconf 75' lang='lat' dir='ltr'>Magnitudo</span> <span class='ocrx_word' id='word_1_182' title='bbox 1126 2098 1462 2154; x_wconf 86' lang='lat' dir='ltr'>sesquipedalem</span> <span class='ocrx_word' id='word_1_183' title='bbox 1520 2113 1665 2155; x_wconf 86' lang='lat' dir='ltr'>parum</span> <span class='ocrx_word' id='word_1_184' title='bbox 1725 2099 1908 2141; x_wconf 80' lang='lat' dir='ltr'>excedit.</span> <span class='ocrx_word' id='word_1_185' title='bbox 1975 2100 2109 2152; x_wconf 71' lang='lat' dir='ltr'>Caput</span> 
     </span>
     <span class='ocr_line' id='line_1_26' title="bbox 430 2175 2110 2232; baseline -0.001 -17"><span class='ocrx_word' id='word_1_186' title='bbox 430 2176 726 2225; x_wconf 80' lang='lat' dir='ltr'>majusculum,</span> <span class='ocrx_word' id='word_1_187' title='bbox 769 2176 983 2231; x_wconf 77' lang='lat' dir='ltr'>glabrum,</span> <span class='ocrx_word' id='word_1_188' title='bbox 1027 2175 1183 2216; x_wconf 79' lang='lat' dir='ltr'>vertice</span> <span class='ocrx_word' id='word_1_189' title='bbox 1221 2189 1350 2229; x_wconf 87' lang='lat' dir='ltr'>usque</span> <span class='ocrx_word' id='word_1_190' title='bbox 1388 2176 1440 2216; x_wconf 81' lang='lat' dir='ltr'>ad</span> <span class='ocrx_word' id='word_1_191' title='bbox 1470 2175 1613 2215; x_wconf 75' lang='lat' dir='ltr'>oculos</span> <span class='ocrx_word' id='word_1_192' title='bbox 1641 2191 1859 2224; x_wconf 77' lang='lat' dir='ltr'>convexo,</span> <span class='ocrx_word' id='word_1_193' title='bbox 1905 2175 2110 2232; x_wconf 76' lang='lat' dir='ltr'>posterius</span> 
     </span>
     <span class='ocr_line' id='line_1_27' title="bbox 433 2250 2108 2308; baseline 0.002 -20"><span class='ocrx_word' id='word_1_194' title='bbox 433 2250 708 2292; x_wconf 73' lang='lat' dir='ltr'>subcarinato.</span> <span class='ocrx_word' id='word_1_195' title='bbox 768 2255 895 2292; x_wconf 81' lang='lat' dir='ltr'>Frons</span> <span class='ocrx_word' id='word_1_196' title='bbox 927 2253 976 2292; x_wconf 85' lang='lat' dir='ltr'>ad</span> <span class='ocrx_word' id='word_1_197' title='bbox 1007 2262 1181 2293; x_wconf 71' lang='lat' dir='ltr'>restum</span> <span class='ocrx_word' id='word_1_198' title='bbox 1213 2250 1350 2290; x_wconf 87' lang='lat' dir='ltr'>subito</span> <span class='ocrx_word' id='word_1_199' title='bbox 1380 2250 1570 2291; x_wconf 83' lang='lat' dir='ltr'>declivis.</span> <span class='ocrx_word' id='word_1_200' title='bbox 1628 2252 1757 2292; x_wconf 79' lang='lat' dir='ltr'>Nares</span> <span class='ocrx_word' id='word_1_201' title='bbox 1793 2252 2005 2308; x_wconf 76' lang='lat' dir='ltr'>duplices.</span> <span class='ocrx_word' id='word_1_202' title='bbox 2048 2254 2108 2294; x_wconf 87' lang='lat' dir='ltr'>in-</span> 
     </span>
     <span class='ocr_line' id='line_1_28' title="bbox 434 2326 2111 2381; baseline 0.004 -18"><span class='ocrx_word' id='word_1_203' title='bbox 434 2327 648 2379; x_wconf 80' lang='lat' dir='ltr'>aequales,</span> <span class='ocrx_word' id='word_1_204' title='bbox 697 2328 889 2367; x_wconf 87' lang='lat' dir='ltr'>columna</span> <span class='ocrx_word' id='word_1_205' title='bbox 919 2339 1093 2368; x_wconf 86' lang='lat' dir='ltr'>cutanea</span> <span class='ocrx_word' id='word_1_206' title='bbox 1122 2326 1312 2367; x_wconf 78' lang='lat' dir='ltr'>verticali</span> <span class='ocrx_word' id='word_1_207' title='bbox 1341 2327 1587 2381; x_wconf 80' lang='lat' dir='ltr'>interjecta.</span> <span class='ocrx_word' id='word_1_208' title='bbox 1633 2341 1771 2368; x_wconf 84' lang='lat' dir='ltr'>versus</span> <span class='ocrx_word' id='word_1_209' title='bbox 1801 2340 1974 2369; x_wconf 71' lang='lat' dir='ltr'>rostrum</span> <span class='ocrx_word' id='word_1_210' title='bbox 2006 2329 2111 2369; x_wconf 86' lang='lat' dir='ltr'>obli-</span> 
     </span>
    </p>
   </div>
   <div class='ocr_carea' id='block_1_4' title="bbox 431 2402 2107 2461">
    <p class='ocr_par' dir='ltr' id='par_1_7' title="bbox 431 2402 2107 2461">
     <span class='ocr_line' id='line_1_29' title="bbox 431 2402 2107 2461; baseline -0.001 -22"><span class='ocrx_word' id='word_1_211' title='bbox 431 2411 569 2454; x_wconf 87' lang='lat' dir='ltr'>quata.</span> <span class='ocrx_word' id='word_1_212' title='bbox 626 2403 748 2443; x_wconf 62' lang='lat' dir='ltr'>Oculi</span> <span class='ocrx_word' id='word_1_213' title='bbox 779 2403 1019 2458; x_wconf 86' lang='lat' dir='ltr'>majusculi,</span> <span class='ocrx_word' id='word_1_214' title='bbox 1063 2403 1189 2455; x_wconf 77' lang='lat' dir='ltr'>n11di3</span> <span class='ocrx_word' id='word_1_215' title='bbox 1233 2408 1303 2444; x_wconf 86' lang='lat' dir='ltr'>iris</span> <span class='ocrx_word' id='word_1_216' title='bbox 1331 2402 1491 2461; x_wconf 84' lang='lat' dir='ltr'>pallide</span> <span class='ocrx_word' id='word_1_217' title='bbox 1522 2418 1667 2453; x_wconf 87' lang='lat' dir='ltr'>aurea,</span> <span class='ocrx_word' id='word_1_218' title='bbox 1711 2407 1868 2460; x_wconf 77' lang='lat' dir='ltr'>pupilla</span> <span class='ocrx_word' id='word_1_219' title='bbox 1903 2405 2107 2458; x_wconf 66' lang='lat' dir='ltr'>angulata,</span> 
     </span>
    </p>
   </div>
  </div>
 </body>
</html>
