2185 2890
862 195 1003 219 =
1680 194 1769 232 271

97 288 212 327 fusco
242 290 465 336 maculata,
495 288 622 343 spinis
654 288 832 328 anterius
856 299 912 340 14.
944 291 1139 332 laciniola
1170 291 1283 330 fusca
1313 292 1365 330 ad
1395 290 1557 345 apicem
1589 291 1765 346 stipatis,

96 362 222 401 radiis
252 381 288 413 9.
320 363 586 404 dichotomis.
644 364 689 401 P.
723 369 790 403 am·
820 365 980 404 dorsale
1011 365 1158 412 latior,
1201 365 1329 419 spinis
1362 373 1400 407 3.
1442 366 1618 407 robustis
1655 377 1697 407 et
1726 373 1764 408 8.

95 437 219 477 radiis
247 453 329 478 non
362 438 475 477 fissis.
536 439 680 478 cauda
709 440 953 489 rotundata,
991 447 1035 481 13
1067 440 1288 481 radiorum.

254 582 361 624 191.
407 569 722 611 LABRUS
766 572 934 613 simus.
983 572 1110 614 TAB.
1150 572 1246 614 LX.
1281 570 1361 627 fig.
1405 584 1447 614 2.
1488 571 1525 614 b.
1565 585 1602 614 c.

226 661 269 698 L.
313 660 695 713 grymo-albidus,
747 662 872 701 fascia
915 673 1008 702 ante
1051 662 1217 712 oculos,
1262 662 1478 717 liturisque
1520 661 1760 704 caudalibus

88 734 278 788 utrinque
308 734 417 773 binis
447 731 598 787 nigris,
630 735 766 790 pinnis
797 735 961 776 striatiS.

223 812 256 847 E
288 807 386 847 Sinu
414 808 708 849 Theodosiano
737 811 914 850 Tauriae
944 810 1071 851 rarius
1102 813 1152 852 ad
1182 826 1249 852 me
1284 811 1443 851 missus.

219 885 392 924 Descr.
423 884 702 931 Dodrczntalts,
723 886 1187 939 oblongo-lanceolams,
1209 885 1542 941 cathetoplateus
1559 888 1667 942 (Fig,
1685 891 1756 942 c.)‚

84 961 205 1000 dorso
236 969 375 1012 argute
405 957 613 1007 carinato,
659 960 1021 1014 macrolepidotus.
1081 963 1214 1016 Caput
1245 971 1527 1015 squamatum,
1569 962 1754 1002 maxillis

83 1036 354 1089 productum,
399 1043 442 1070 ut
478 1032 563 1071 fere
600 1034 766 1072 tertiam
802 1045 960 1088 partem
997 1035 1123 1074 totius
1158 1035 1432 1088 longitudinis
1472 1047 1634 1089 aequet.
1693 1037 1754 1077 Os

81 1108 288 1157 emisslle,
319 1107 492 1154 simum,
535 1107 644 1146 labio
674 1107 882 1161 superiore
910 1108 1081 1147 interius
1111 1108 1530 1164 subtilitersulcato,
1568 1110 1752 1150 dentzbus

78 1184 222 1232 acutis,
253 1183 297 1222 in
327 1181 443 1236 apice
474 1182 737 1220 maxillarum
766 1181 1055 1231 intervallatis,
1090 1184 1247 1222 duobus
1276 1182 1434 1227 ‚mediis
1466 1183 1509 1222 in
1541 1184 1752 1238 superiore

77 1257 250 1298 maxilla
280 1257 403 1311 paulo
435 1257 669 1303 majoribus.
727 1258 847 1297 Ocu-li
876 1259 925 1296 ab
956 1271 1026 1296 ore
1059 1256 1369 1302 remotiusculi,
1412 1256 1586 1296 iridibus
1616 1258 1748 1297 fulvo-

77 1332 213 1372 luteis.
272 1331 473 1384 Opercula
503 1329 656 1369 lamina
686 1331 918 1370 suboculari
949 1331 999 1369 ad
1029 1330 1223 1384 angulum
1253 1329 1529 1379 denticulata,
1577 1346 1648 1371 ora
1677 1346 1746 1372 cu-

76 1418 191 1447 tacea
220 1407 363 1445 obtuse
394 1405 607 1458 angulata3
642 1406 818 1455 flabella
847 1421 996 1460 parva,
1027 1403 1358 1458 quadriradiata,
1403 1405 1568 1444 detecta
1598 1415 1641 1444 et
1669 1407 1743 1446 sub

75 1481 231 1520 isthmo
261 1481 379 1534 gulae
409 1480 520 1534 pelle
552 1480 643 1518 alba
674 1478 954 1519 cohaerentia.
1012 1481 1189 1519 Dorsum
1218 1494 1240 1518 a
1269 1477 1406 1518 nucha
1435 1478 1572 1519 carina
1603 1490 1744 1534 arguta

76 1556 529 1610 gibboso-arcuatum,
576 1555 779 1593 abdomen
809 1554 984 1603 rectius,
1026 1567 1283 1602 convexum,
1302 1562 1305 1566 '
1323 1555 1451 1593 cauda
1481 1554 1601 1593 valde
1632 1569 1743 1594 com-

74 1644 225 1685 pressa.
283 1630 428 1668 Sutura
464 1628 643 1667 lateralis
686 1630 806 1668 dorso
841 1629 1038 1683 parallela
1075 1639 1117 1668 et
1152 1628 1410 1683 propinqua,
1453 1627 1612 1682 postice
1642 1643 1738 1669 cum

74 1705 194 1744 dorso
225 1714 399 1742 arcuata.
458 1703 579 1741 Color
609 1702 671 1751 (in
702 1702 857 1756 Spiritu
888 1702 1120 1754 asservatis)
1153 1701 1522 1756 gryseopallidus,
1561 1703 1612 1741 ad
1642 1717 1734 1742 ven-

71 1790 176 1818 trem
207 1776 519 1822 albo-lucidus,
547 1777 741 1816 lateribus
772 1778 884 1816 fusco
915 1777 1150 1824 nebulosus,
1186 1790 1305 1830 supra
1336 1774 1490 1814 lineam
1519 1776 1734 1817 lateralem

70 1854 154 1893 fere
185 1854 343 1897 fuscus;
369 1854 486 1903 frons
515 1862 609 1890 ante
639 1852 803 1898 oculos,
833 1854 971 1904 fascia
999 1850 1168 1903 obliqua
1197 1851 1246 1889 ab
1278 1849 1408 1889 oculis
1438 1850 1489 1888 ad
1516 1850 1733 1890 maxillam

68 1939 111 1968 et
139 1928 190 1966 ad
219 1926 388 1980 pinnam
418 1927 572 1965 caudae
602 1926 793 1980 ntrinque
823 1929 966 1966 liturae
996 1943 1032 1965 2.
1078 1924 1244 1978 nigrae,
1298 1923 1508 1963 distantes.
1581 1925 1732 1964 Pinnae

66 2001 296 2058 pectorales
325 2001 595 2053 majusculae,
626 2001 900 2050 semiovatae,
933 1999 1245 2047 immaculatae,
1275 1998 1481 2053 pallidae,
1514 1998 1640 2037 radiis
1669 2006 1728 2039 13.

65 2078 261 2118 venti-ales
286 2076 358 2113 sub
390 2075 481 2114 alvo
513 2075 600 2114 basi
630 2076 848 2125 fraenatae,
878 2075 1085 2115 radiorum
1102 2081 1138 2114 6.
1170 2088 1342 2128 quorum
1371 2073 1525 2128 primus
1547 2072 1725 2114 dimidio

64 2150 241 2197 brevior,
273 2149 518 2202 spinescens.
569 2151 789 2204 Squamula
817 2166 954 2205 parva,
983 2149 1245 2202 triangularis
1275 2149 1324 2187 ad
1354 2162 1500 2201 pinnas
1530 2146 1726 2195 exterius,

63 2236 105 2265 et
137 2225 246 2264 inter
273 2223 418 2277 pinnas
449 2225 587 2262 subtus
617 2225 808 2278 oblonga,
837 2224 1055 2264 imbricata
1088 2226 1180 2277 (fig
1199 2224 1274 2273 b.)
1331 2223 1375 2261 Ρ.
1400 2223 1507 2261 dorsi
1537 2220 1724 2272 humilis,

61 2310 249 2340 constans
277 2303 401 2352 spinis
437 2306 493 2346 14.
524 2313 692 2351 quarum
723 2300 855 2353 prima
889 2298 1079 2346 brevior,
1109 2309 1150 2337 et
1179 2312 1319 2337 omnes
1351 2297 1402 2335 ad
1432 2295 1593 2350 apicem
1625 2295 1724 2336 laci·

59 2374 171 2417 niola
200 2372 422 2428 sanguinea
451 2383 613 2424 auctae,
642 2383 683 2415 et
712 2373 836 2415 radiis
867 2372 1119 2417 dichotomis
1155 2390 1214 2414 ιο.
1244 2371 1402 2427 postice
1430 2369 1648 2427 prolixior,
1678 2382 1723 2416 et
