2185 2890
429 137 519 193 230
1192 138 1341 155 ·“““““

429 244 535 285 ostia
564 240 802 289 fluviorum,
848 235 1091 295 praesertim
1122 237 1162 276 fl.
1194 233 1486 285 Camtchatca,
1523 232 1757 284 Avatscha,
1790 245 1832 275 et
1860 239 2102 288 Paratunka,

431 319 558 360 tantis
589 315 761 358 catervis
793 314 1059 362 adscendens,
1093 324 1138 352 ut
1167 311 1295 352 saccis
1324 322 1367 351 et
1396 310 1626 360 haustellis,
1658 326 1741 350 non
1772 310 1893 351 aliter
1922 327 1968 352 ac
1997 330 2101 369 aqua

429 394 520 449 ipsa
549 390 708 433 hauriri
737 389 880 447 possit.
952 392 999 428 In
1028 387 1169 428 littore
1201 387 1311 427 sinus
1341 385 1632 427 Pensliinensis
1671 385 1878 427 rarissime
1909 390 2100 431 occurrit.

431 471 562 510 Natat
591 466 740 508 erectis
769 465 922 506 aculeis
951 463 1160 513 omnibus,
1193 463 1422 505 subsultans
1453 473 1495 502 et
1523 462 1609 501 fere
1641 476 1694 501 ex
1724 477 1827 516 aqua
1857 463 2102 518 prosilieris3

434 545 598 586 aculeos
640 543 846 584 ventrales
886 543 981 583 loco
1022 541 1242 596 pinnarum
1286 550 1440 580 movet.
1510 537 1630 577 Licet
1657 538 1707 576 ad
1737 539 1940 591 jusculum
1969 540 2103 581 elixus

433 621 658 662 admodum
687 621 850 676 sapidus
880 618 952 668 sit,
990 616 1215 658 maximam
1244 627 1384 655 tamen
1413 623 1574 668 partem
1603 612 1647 651 in
1676 613 1876 666 pabulum
1907 613 2102 669 hyemale

435 710 585 740 canum
615 695 864 745 exsiccatur,
923 692 1018 749 quia
1048 690 1305 747 corruptioni
1335 704 1419 730 non
1449 687 1654 737 obnoxius
1682 698 1763 737 est,
1815 689 2021 744 facileque
2053 692 2105 731 ad

436 772 566 811 solem
595 770 811 820 exarescit,

575 848 740 887 Descr.
798 847 986 886 Pondere
1016 846 1066 885 ad
1097 858 1301 884 summum
1328 840 1633 890 bidrachmali,
1689 839 1952 895 longitudine
1981 841 2104 896 polli-

434 937 529 963 cum
559 920 881 976 sesquiquinque
912 921 1036 974 vulgo
1066 922 1317 960 observatur.
1360 919 1494 971 Caput
1523 915 1893 971 cathetoplateum,
1930 928 2107 966 acutum3

436 1000 611 1036 maxilla
639 998 800 1047 inferior
829 997 969 1034 subtus
996 994 1199 1040 carinata,
1241 993 1429 1047 longior,
1464 1003 1635 1046 utraque
1667 990 1850 1044 margine
1880 991 2108 1032 denticulis

436 1070 622 1111 minimis
650 1069 755 1109 serie
783 1070 828 1109 in
857 1068 1078 1124 supcrioris
1108 1068 1244 1123 apice,
1293 1068 1441 1122 angulo
1470 1065 1599 1121 palati
1629 1066 1861 1120 granulato,
1913 1066 1958 1105 in
1989 1067 2108 1121 apice

437 1143 644 1186 inferioris
686 1144 791 1184 serie
834 1144 1040 1184 exteriore
1092 1143 1399 1183 denticulorum
1452 1142 1576 1197 paulo
1630 1143 1828 1194 majorum
1882 1141 2105 1196 duplicata.

439 1223 600 1274 Lingua
629 1219 792 1266 brevis,
823 1231 945 1260 teres.
1003 1220 1133 1259 Nares
1162 1217 1387 1272 simplices,
1417 1216 1559 1257 medio
1588 1215 1697 1255 inter
1726 1215 1846 1255 rostri
1876 1215 2037 1271 apicem
2067 1228 2110 1257 et

440 1296 595 1343 oculos,
627 1295 830 1334 laterales.
873 1295 992 1335 Oculi
1021 1294 1229 1342 laterales,
1261 1293 1360 1333 iride
1391 1303 1605 1346 argentea,
1637 1290 1760 1330 litura
1790 1291 1833 1330 in
1863 1291 2109 1345 quibusdam

441 1371 677 1424 sanguinea.
735 1370 881 1410 Verteac
911 1380 953 1408 et
981 1380 1156 1409 rostrum
1187 1379 1281 1407 ante
1311 1368 1451 1407 oculos
1481 1367 1647 1421 punctis
1676 1365 1922 1419 prominulis
1951 1368 2110 1406 scaber-

440 1442 566 1490 rima,
607 1443 903 1491 fuscescentia;
958 1447 1133 1484 laminae
1163 1442 1450 1496 operculorum
1479 1440 1602 1480 sulcis
1633 1439 1821 1487 striatam,
1875 1452 2108 1494 argenteae.

444 1519 649 1573 Opercula
693 1517 919 1558 arctissime
960 1517 1173 1564 clausilia3
1230 1517 1412 1557 Flabella
1448 1516 1700 1555 branchialia
1736 1514 2108 1568 quadrilamellata,

442 1594 515 1633 sub
546 1592 752 1647 operculis
782 1593 1017 1641 semitecta,
1076 1593 1215 1632 subtus
1244 1602 1433 1631 connata.
1493 1594 1604 1630 Pone
1634 1589 1795 1629 hiatum
1824 1588 2110 1630 branchialem

442 1667 635 1721 utrinque
666 1682 761 1707 area
789 1677 978 1721 argentea
1008 1665 1340 1713 suborbicularis,
1369 1664 1527 1714 mollis,
1557 1665 1714 1705 circulo
1744 1680 1860 1705 osseo
1880 1665 2110 1720 interrupto

444 1742 602 1791 cincta,
647 1741 716 1781 cui
756 1741 916 1798 postice
958 1741 1242 1796 inplantantur
1280 1740 1433 1796 pinnae
1473 1740 1724 1795 pectorales,
1767 1755 1789 1778 a
1830 1740 1967 1795 capite
2011 1739 2109 1780 ideo

444 1816 764 1866 remotissimae,
796 1816 927 1872 magis
957 1832 1079 1871 quam
1108 1816 1153 1855 in
1182 1814 1491 1869 congeneribus.
1552 1816 1709 1869 Corpus
1738 1813 2108 1869 cathetoplateum,

443 1893 496 1932 ad
539 1893 713 1932 caudam
753 1892 874 1931 valde
917 1893 1207 1940 adtenuatum,
1266 1889 1457 1943 utrinque
1499 1888 1719 1928 loricatum
1760 1892 1923 1929 laminis
1961 1889 2109 1940 osseis,

445 1967 587 2008 striato
605 1965 859 2021 -punctatis,
890 1964 1170 2014 scaber-rimis,
1201 1963 1380 2011 adnatis,
1411 1962 1577 2003 circiter
1606 1963 1798 2017 triginta,
1828 1979 1998 2019 quarum
2027 1964 2110 2020 pri-

445 2058 512 2083 ma
543 2043 593 2082 ad
621 2052 745 2096 caput
773 2057 891 2096 supra
922 2055 1057 2080 aream
1084 2026 1467 2095 postbranchialem
1496 2025 1733 2092 argenteam
1764 2038 1914 2093 angulo
1951 2053 2109 2079 mucro-

447 2130 544 2159 nato
573 2129 794 2158 retrorsum
822 2117 1044 2171 producta,
1104 2115 1285 2154 secunda
1312 2112 1518 2168 tertiaque
1549 2114 1714 2161 breves,
1764 2113 1947 2168 reliquae
1977 2125 2108 2154 totam

446 2193 713 2234 latitudinem
741 2191 923 2247 corporis
953 2202 995 2230 et
1023 2191 1177 2230 caudae
1207 2200 1469 2243 occupantes.
1546 2191 1670 2228 Linea
1709 2192 1889 2229 lateralis
1931 2188 2109 2228 anterius

451 2270 570 2308 dorso
598 2266 812 2323 proxima,
856 2281 993 2306 versus
1034 2266 1204 2305 caudam
1248 2263 1406 2313 media,
1450 2263 1753 2318 prominentior
1787 2275 1829 2303 et
1857 2265 1908 2304 ad
1938 2265 2111 2304 caudam

447 2345 614 2384 tandem
629 2342 674 2383 in
700 2347 864 2384 cristam
885 2341 1243 2383 membranaceam
1267 2353 1492 2395 assurgens.
1531 2340 1648 2381 Anus
1674 2343 1809 2395 pone}
1824 2337 2110 2395 longitudinis.
