2185 2890
1088 199 1231 206 ——-

544 291 715 330 Lacerta
746 283 895 332 aurita,
948 282 1052 321 Pan.
1082 284 1166 319 itin.
1196 281 1270 318 ΙΠ.
1302 294 1341 334 p.
1374 294 1466 332 702.
1497 293 1535 318 n.
1566 285 1629 320 36.
1659 278 1743 319 tab.
1774 280 1821 319 V.
1842 279 1924 334 fig.
1962 296 1993 320 1.

601 365 728 402 Gmel.
758 370 858 414 syst.
889 360 976 397 Lin.
1005 357 1078 394 ΠΙ.
1111 371 1150 409 p.
1187 362 1299 406 1073.

468 441 515 478 In
546 435 740 477 sabuletis
771 430 1010 474 aridissimis
1041 428 1240 484 Caspicae
1268 428 1473 483 regionis,
1516 445 1554 469 v.
1585 443 1643 483 gr.
1678 429 1817 468 Salran
1848 438 1993 476 murat,

330 518 489 568 Narym
531 523 571 552 et
615 514 720 550 Kum
761 508 871 548 inter
910 507 1088 558 Volgam
1132 515 1173 543 et
1204 503 1316 551 Jaik,
1372 502 1481 543 inter
1512 505 1686 544 Cumam
1717 514 1759 543 et
1788 503 1925 542 Terek
1953 503 1994 541 fi.

330 590 517 629 Ankatar
543 586 685 634 dictis,
738 582 834 623 satis
864 582 1052 634 frequens
1082 577 1258 627 habitat,
1289 593 1409 618 arena
1440 578 1604 618 volatili
1634 589 1675 617 et
1704 576 1994 617 ardentissimo

331 662 420 702 sole
448 662 641 716 gaudens.
718 655 1091 712 Appropinquante
1133 652 1307 693 homine
1350 652 1481 708 plicas
1524 653 1637 692 laxas
1669 652 1933 697 auriformes,
1974 667 1996 690 a

330 736 438 776 rictu
481 735 674 790 utrinque
715 733 964 787 pendente5‚
1009 729 1165 768 suffuso
1195 727 1392 782 sanguine
1423 727 1468 768 in
1498 726 1836 767 semidiscoideas
1867 726 1994 765 alulas

331 810 533 866 expandit
563 820 604 849 et
633 810 723 863 fuga
754 805 849 846 satis
880 802 999 858 agilis
1027 817 1068 842 se
1099 802 1304 842 subducit.

465 886 638 924 Descr.
696 885 841 921 Forma
885 889 927 918 et
970 877 1212 932 magnitudo
1256 876 1490 926 Gekkonis,
1552 889 1597 917 et
1637 878 1745 917 male
1790 878 1904 928 (cum
1947 878 1993 916 L.

328 962 574 1014 helioscopa)
607 960 827 997 Gmelz'no
858 953 909 993 ad
939 955 1063 1008 Sepes
1093 968 1166 992 scu
1196 951 1392 992 Ameivas
1424 952 1565 991 relata.
1636 954 1769 1007 Caput
1799 961 1992 999 retusum,

327 1049 443 1087 supra
472 1032 793 1087 planiusculum,
840 1028 1006 1068 naribus
1035 1027 1078 1066 in
1109 1029 1256 1067 fronte.
1329 1028 1483 1080 Anguli
1514 1026 1638 1066 rictus
1673 1025 1754 1066 oris
1784 1036 1826 1064 et
1855 1039 1995 1078 margo

327 1105 537 1162 proximus
566 1106 776 1161 utriusque
807 1103 1005 1144 maxillae
1036 1101 1229 1158 producti
1258 1100 1301 1139 in
1340 1102 1643 1149 membranam,
1703 1100 1828 1154 vulgo
1859 1099 1995 1154 dupli-

327 1182 701 1235 cato-pendulam,
758 1180 830 1218 sed
858 1178 902 1216 in
935 1177 1033 1215 vivo
1064 1176 1242 1215 animale
1273 1174 1472 1228 sanguine
1511 1174 1793 1223 dilatabilem,
1848 1173 1893 1214 in
1921 1179 1996 1214 cri-

329 1266 433 1296 stam
465 1254 657 1308 utrinque
685 1251 1007 1299 horizontalem,
1066 1249 1439 1298 semion-culmem,
1493 1264 1612 1304 supra
1642 1249 1865 1304 squamulis
1894 1264 1996 1303 pun-

329 1342 481 1371 ctatam
511 1340 552 1369 et
579 1327 761 1382 margine
793 1324 1014 1366 denticulis
1044 1325 1327 1364 subserratam.
1400 1325 1611 1364 Par-otides
1639 1323 1832 1378 utrinque
1862 1337 1997 1363 verru-

329 1404 388 1445 cis
419 1403 623 1444 echinatis
653 1402 894 1449 muricatae,
952 1400 1092 1454 quales
1122 1398 1247 1438 etiam
1280 1398 1456 1452 aliquot,
1519 1400 1570 1438 ad
1599 1398 1804 1438 humeros.
1877 1398 1998 1437 Oculi

330 1481 403 1519 sub
432 1478 632 1519 muricato
669 1480 880 1532 supercilio
916 1489 986 1514 seu
1021 1473 1268 1528 suggrundio
1307 1473 1509 1528 depressi,
1569 1474 1772 1529 palpebris
1812 1471 1997 1526 margine

328 1552 563 1593 crenulatis.
620 1554 748 1592 Nares
778 1551 820 1590 in
851 1552 985 1590 fronte
1018 1547 1300 1604 prominulae,
1360 1550 1574 1588 rotundae.
1634 1550 1806 1588 Aurium
1836 1558 1998 1602 apertu-

329 1643 396 1669 rae
424 1643 507 1668 non
537 1625 794 1680 conspicuae.
854 1627 1003 1664 Dentes
1031 1623 1076 1662 in
1106 1638 1175 1662 ore
1206 1622 1366 1672 conici,
1412 1622 1612 1662 distantes
1641 1622 1685 1662 in
1714 1634 1886 1677 utraque
1915 1637 1995 1662 ma-

333 1703 455 1751 xilla,
499 1700 625 1741 antici
656 1703 736 1740 duo
766 1702 960 1753 majores,
1018 1699 1125 1737 inter
1153 1712 1194 1735 se
1226 1697 1357 1750 magis
1386 1697 1598 1736 distantes.
1669 1699 1829 1736 Collum
1857 1697 1995 1736 subtus

329 1781 437 1833 plica
463 1787 688 1816 transversa
717 1774 968 1827 subgemina.
1020 1775 1175 1828 Corpus
1211 1770 1586 1819 subventricosum,
1619 1769 1994 1825 depressiusculum

330 1864 377 1892 ut
402 1851 447 1890 in
476 1851 766 1894 antecedente,
823 1858 958 1887 totum
987 1852 1164 1902 squamis
1195 1844 1366 1884 minutis
1395 1844 1664 1898 pupillaribus
1695 1843 1824 1883 acutis
1853 1859 1995 1898 granu-

328 1927 479 1974 latum,
538 1938 640 1977 quae
686 1925 857 1975 majores
901 1932 943 1959 et
984 1918 1331 1975 prominentiores
1374 1918 1415 1957 in
1459 1918 1646 1973 pedibus.
1720 1919 1864 1958 Gauda
1905 1918 1995 1958 basi

333 2016 462 2041 crassa
504 2000 715 2052 depressa,
774 1995 874 2035 hinc
919 1997 1157 2042 adtenuata,
1214 1993 1342 2033 instar
1385 1992 1566 2047 corporis
1609 1993 1863 2047 sqamulosa,
1923 1995 1996 2033 sed

335 2085 466 2116 tractu
493 2073 654 2113 laterali
688 2086 761 2127 per
788 2069 1092 2124 longitudinem
1122 2068 1298 2122 squamis
1337 2067 1733 2122 prominentioribus
1763 2078 1806 2106 et
1832 2067 1994 2121 majori-

329 2150 403 2189 bus
434 2149 644 2187 muricato.
704 2147 860 2185 Pedum
890 2146 1010 2200 dig—iu·
1039 2143 1270 2197 unguiculis
1299 2141 1454 2195 longis,
1507 2141 1704 2182 subulatis
1722 2173 1731 2191 ,
1777 2141 1990 2191 tenuibus;

337 2221 568 2262 mediorum
597 2223 675 2261 duo
704 2221 920 2274 utrinque,
970 2224 1132 2258 interior
1158 2228 1318 2258 tantum
1350 2216 1468 2265 hinc,
1525 2216 1748 2271 squamulis
1776 2215 1993 2270 pectinati,

334 2300 475 2336 extimi
501 2296 581 2335 duo
610 2296 829 2349 simplices,
859 2293 1095 2341 breviore33
1123 2293 1166 2332 in
1198 2290 1350 2347 plantis
1380 2289 1612 2331 mediorum
1639 2295 1812 2330 extimus
1841 2290 1992 2344 longis·

330 2368 468 2412 simus.
544 2371 666 2412 Color
707 2385 825 2426 supra
867 2368 1335 2426 cinereo-pallescente
1377 2366 1618 2416 nebuloem,
1661 2364 1825 2422 punctis
1866 2364 1992 2404 fuscis
