2185 2890
412 142 497 184 170
1169 143 1310 169 ΕΞ

540 245 582 285 N
589 253 649 286 οὶ.
705 242 1021 299 Descriptiones
1051 251 1091 283 et
1119 242 1266 283 Icones
1295 253 1508 283 auctorum
1544 242 1838 298 imperfectae,
1895 244 2077 303 ideoque

402 336 632 376 synonyma
666 320 805 360 dubia.
864 323 1013 360 Forma
1044 319 1203 374 species
1232 317 1337 359 haec
1366 320 1491 359 refert
1520 319 1688 360 iconem
1715 320 1832 360 Zool.
1855 321 1957 361 Brit.
1975 324 2076 378 (410)

402 397 486 436 tab.
519 403 583 437 36.
615 395 683 436 cui
718 407 860 436 tamen
903 395 1031 436 cirrhi
1075 393 1360 450 supraciliares
1407 394 1527 436 nulli.
1599 398 1656 434 Ut
1698 394 1908 435 diluantur
1935 397 2076 446 dubia,

402 471 538 525 adjeci
566 472 708 511 icones
736 482 779 511 et
806 471 1130 526 descriptionem
1160 469 1472 510 accuratiorem.
1528 471 1757 525 Sequentcs
1788 470 1949 525 species
1976 488 2078 528 pon·

403 547 512 588 ticae
542 564 563 588 a
593 546 772 602 cognitis
804 545 991 586 diversae
1021 547 1230 587 videntur.

514 695 623 738 129.
683 681 983 724 BLENNI
1012 681 1098 723 US
1156 681 1348 723 Varus.
1400 677 1529 722 TAB.
1568 679 1689 722 XLI.
1720 678 1802 736 fig.
1846 695 1888 724 I.
1935 696 1976 724 ἢ.

543 777 588 814 Β.
631 776 751 814 dorso
793 774 1036 823 rotundulo,
1095 772 1343 828 pedunculis
1385 770 1720 826 supraciliaribus
1758 772 1956 822 sexsetis,
2016 790 2083 816 na-

1929 718 1955 731 1

404 849 513 890 rium
545 849 805 904 quadrisetis.

544 929 658 965 Inter
688 926 1004 980 praecedenteS,
1037 924 1184 979 quibus
1214 940 1308 965 cum
1338 925 1468 964 forma
1498 923 1750 974 subsimilis,
1783 923 1910 964 rarius
1941 940 2081 966 occur-

405 999 457 1039 rit
497 1001 542 1040 in
586 1001 739 1039 vadoso
782 1000 1025 1055 praesertim
1068 1000 1159 1039 sinu
1201 999 1520 1047 Tlieodosianc),
1575 998 1825 1039 Chersonesi
1867 1000 2083 1049 Tauricae,

404 1075 515 1116 circa
546 1075 834 1130 Sevastopoiin
866 1074 936 1114 vix
968 1076 1220 1115 observatus.
1280 1079 1327 1115 In
1358 1073 1515 1129 Spiritu
1546 1072 1635 1113 vini
1665 1073 1847 1127 rigescit.

540 1152 709 1191 Descr.
768 1150 1204 1205 Quinquepellicaris,
1252 1153 1383 1191 forma
1419 1148 1613 1205 proxime
1656 1149 1965 1204 praecedentis,
2010 1153 2082 1192 sed

403 1228 539 1268 minus
570 1225 825 1265 ventricosus
857 1236 898 1264 et
929 1226 1051 1264 dorso
1080 1227 1215 1266 minus
1245 1227 1442 1266 carinato.
1504 1227 1637 1279 Caput
1677 1226 1826 1274 breve,
1870 1225 2087 1266 obtusissi-

403 1319 541 1350 mum,
573 1316 691 1356 supra
722 1315 768 1340 os
796 1301 926 1355 magis
955 1299 1147 1354 gibbum,
1177 1307 1352 1341 verrucis
1379 1298 1678 1355 insignioribus
1709 1312 1751 1339 et
1779 1299 2084 1355 copiosioribus

404 1393 586 1434 sparsum
626 1377 781 1416 duabus
825 1375 1067 1430 praesertim
1111 1376 1333 1425 majoribus
1373 1377 1448 1416 sub
1485 1375 1599 1415 labio
1640 1375 1839 1415 inferiore
1867 1377 1977 1429 (Fzg.
2011 1380 2082 1430 2.)-

403 1454 552 1501 Lubia,
584 1453 745 1492 dentes.
777 1455 966 1506 opercula
995 1451 1163 1500 flabella
1192 1462 1423 1491 transverso
1454 1451 1600 1490 collari
1631 1461 1824 1499 connata,
1872 1462 1913 1490 et
1943 1456 2082 1506 pinna-

402 1545 492 1569 rum
518 1529 671 1576 forma,
718 1526 893 1575 similia,
938 1527 1010 1565 sed
1040 1526 1212 1566 dorsalis
1242 1538 1282 1566 et
1310 1543 1350 1583 p.
1384 1527 1450 1566 ani
1481 1525 1617 1565 minus
1647 1527 1699 1565 ad
1728 1527 1903 1565 caudam
1935 1527 2084 1580 produ-

404 1615 509 1644 ctae.
574 1604 725 1642 Dentes
766 1606 900 1641 canini
940 1601 1067 1641 etiam
1112 1601 1243 1641 multo
1289 1602 1488 1650 minores,
1536 1601 1609 1641 vix
1652 1599 1895 1656 prominuli.
1959 1603 2085 1642 Pellis

403 1679 588 1728 crassior,
618 1689 848 1717 transverse
878 1676 986 1731 rugis
1016 1676 1297 1716 subtilissimis
1327 1688 1507 1726 exarata,
1539 1688 1581 1716 et
1611 1676 1655 1716 in
1677 1675 1817 1731 pinnis
1841 1675 2079 1726 fortissima,

403 1769 542 1810 opaca.
615 1753 852 1792 Secundum
891 1751 1044 1807 pinnae
1087 1752 1258 1792 dorsalis
1296 1752 1414 1792 basin
1443 1768 1547 1806 ruga
1577 1750 1919 1806 longitudinalis,
1962 1751 2081 1805 quasi

401 1829 632 1870 articulata.
704 1828 824 1867 Oculi
867 1827 949 1867 situ
985 1826 1161 1876 similes,
1206 1828 1378 1868 iridibus
1420 1827 1557 1867 luteis.
1627 1828 1758 1866 Nares
1802 1826 1952 1865 eodem
1981 1826 2080 1875 sitin

403 1907 473 1945 sed
505 1903 731 1944 anteriores
762 1903 985 1955 pedunculo
1016 1913 1244 1942 antrorsum
1274 1913 1502 1957 prostrato,
1556 1900 1699 1947 molli,
1743 1900 1981 1956 quadriseto
2011 1900 2080 1940 sti-

399 1993 535 2037 patae.
607 1978 859 2018 Pedunculus
902 1976 1052 2016 itidem
1095 1977 1255 2032 postice
1297 1992 1416 2032 supra
1458 1988 1677 2031 utrumque
1719 1976 1909 2025 oculum,
1953 1977 2081 2031 paulo

399 2060 549 2106 major,
595 2053 752 2102 mollis,
798 2052 1078 2099 subclavatus‚
1136 2051 1255 2107 apice
1287 2056 1426 2093 setulis
1455 2067 1526 2092 sex
1555 2052 1758 2107 palmatus
1790 2052 1898 2104 (Fig.
1935 2069 1969 2091 1.
1999 2055 2074 2106 2.).

400 2133 548 2172 Sutura
577 2133 781 2177 lateralis,
839 2139 884 2167 ut
918 2128 961 2167 in
999 2128 1267 2182 praecedenti
1305 2139 1492 2177 curvata,
1551 2142 1660 2182 pone
1698 2142 1821 2166 anum
1859 2137 1971 2166 recta
2002 2142 2078 2181 per

402 2208 575 2246 caudam
604 2219 800 2260 pergens,
838 2214 979 2243 notata
1006 2208 1180 2243 verrucis
1212 2201 1528 2257 insignioribus,
1568 2202 1613 2242 in
1641 2213 1758 2257 parte
1791 2213 1955 2241 arcuata
1984 2203 2076 2241 sub-

403 2280 779 2336 quincuncialibus,
825 2278 869 2318 in
899 2289 1012 2319 recta
1042 2277 1257 2325 solitariis,
1302 2294 1381 2317 una
1412 2277 1515 2317 serie
1546 2277 1806 2318 distantibus.
1867 2278 1988 2317 Color
2016 2288 2078 2317 to-

401 2354 482 2396 tius
511 2357 667 2406 fusch
707 2355 879 2396 maculis
909 2353 1058 2410 sparsis
1087 2352 1214 2410 nigris
1245 2355 1475 2406 (recentem
1505 2368 1592 2393 non
1618 2352 1743 2408 vidi).
1800 2354 1951 2393 Pinnae
1979 2366 2075 2407 opa-
