2185 2890
368 210 423 249 34
1122 205 1263 229 ΞΕ

745 322 824 367 23.
896 319 930 363 L
952 317 991 362 A
1012 316 1050 363 C
1072 317 1292 362 ERTA
1367 319 1645 375 aquatica.

501 462 547 500 L.
579 470 751 510 corpore
780 455 987 510 laevigato
1016 456 1156 495 subtus
1186 455 1320 505 fulvo,
1352 454 1483 495 cauda
1511 467 1745 510 compresso
1775 451 1962 508 ancipiti.

469 534 608 576 Rossis
639 549 661 573 a
688 547 790 573 voce
824 533 970 572 Ulzola.

495 612 544 650 In
573 606 935 664 temperatioribus
965 618 1006 646 et
1035 606 1343 648 australioribus
1371 606 1500 647 rarius
1528 605 1574 646 in
1604 604 1756 660 stagnis
1781 605 2033 653 observatum

358 685 615 741 frequentior
643 684 688 724 in
717 681 976 725 Chersoneso
1006 682 1204 730 Taurica,
1249 694 1390 739 stagna
1420 682 1629 722 maritima
1657 695 1752 722 orae
1782 679 2031 720 meridiona-

358 761 411 801 lis
444 770 633 816 occupat.

744 972 944 1022 Genus
986 975 1068 1025 IV.
1135 975 1176 1025 C
1213 977 1262 1026 O
1296 976 1340 1026 L
1375 978 1421 1029 V
1461 974 1645 1025 BRI.

489 1210 711 1256 colubros,
740 1207 939 1248 innocuos
969 1223 1124 1258 omnes,
1155 1225 1176 1249 a
1205 1210 1375 1265 Viperis
1407 1209 1624 1250 venenatis
1653 1209 1775 1249 facile
1812 1206 2033 1262 distinguit

345 1288 485 1339 forma
514 1289 677 1339 capitis,
723 1282 952 1323 crassitiem
981 1283 1164 1338 corporis
1195 1285 1321 1338 vulgo
1351 1284 1423 1324 vix
1454 1283 1761 1339 exsuperantis,
1795 1285 1847 1322 ad
1877 1281 2029 1337 paroti-

356 1362 427 1400 des
456 1374 538 1399 non
569 1357 709 1413 gibbi,
768 1369 809 1396 et
839 1359 1024 1398 defectus
1055 1360 1232 1399 dentium
1262 1359 1549 1414 repostilium‚
1605 1362 1942 1411 venenifiuowm,
1984 1356 2030 1397 in

351 1445 468 1489 parte
510 1432 714 1473 anteriore
755 1432 902 1487 palati,
960 1449 1133 1487 quorum
1175 1435 1268 1474 loco
1311 1434 1533 1475 continuae
1575 1433 1700 1473 series
1738 1435 2031 1474 denticulorum

352 1512 616 1549 acicularium
646 1508 802 1546 adsunt.
869 1508 1089 1548 Caeterum
1117 1513 1258 1564 lingua
1289 1509 1507 1558 Colubris,
1564 1525 1726 1564 prorsus
1757 1520 1801 1548 ut
1831 1508 2026 1563 Viperae,

350 1583 528 1631 bisulca,
560 1582 720 1630 mollis,
752 1582 993 1632 retractilis,
1027 1599 1105 1638 qua
1134 1586 1258 1639 longe
1288 1596 1449 1624 exserta
1479 1585 1713 1631 minantur,
1750 1585 1859 1623 unde
1889 1600 1911 1623 a
1941 1583 2028 1622 vul·

351 1673 403 1712 go
434 1661 655 1697 Rossorum
684 1671 758 1711 pro
789 1658 932 1697 aculeo
963 1670 1166 1699 venenato
1194 1659 1378 1700 timetur.
1411 1686 1458 1691 —
1492 1661 1767 1701 Colubrorum
1795 1673 1943 1714 genus,
1984 1669 2030 1698 ut

351 1731 397 1771 in
425 1733 614 1772 omnibus
652 1731 790 1780 terris,
849 1733 1078 1773 numerosis
1121 1735 1298 1788 pullulat
1340 1735 1576 1790 speciebus,
1636 1735 1695 1774 ita
1740 1746 1780 1774 et
1817 1735 1925 1789 apud
1953 1748 2027 1772 nos

351 1806 575 1861 multiplex
606 1818 684 1855 est,
732 1808 803 1846 sed
831 1806 876 1847 in
907 1808 1141 1848 borealibus
1171 1821 1211 1849 et
1241 1810 1436 1850 ulteriore
1469 1809 1643 1856 Sibiria,
1682 1820 1850 1864 propter
1879 1808 2028 1848 intem-

350 1880 511 1936 periem
541 1881 739 1930 climatis,
786 1897 866 1921 non
898 1883 978 1922 nisi
1006 1883 1133 1922 rarius
1164 1884 1343 1924 occurrit
1371 1900 1451 1924 una
1481 1884 1661 1925 alterave
1692 1883 1863 1939 species.
1930 1887 2027 1924 For-

351 1972 417 1996 ma
449 1967 584 1996 autem
615 1956 773 2011 species
802 1956 861 1996 ita
889 1957 998 1997 inter
1034 1973 1075 1997 se
1111 1969 1204 1997 sunt
1239 1958 1421 2007 similes,
1475 1970 1521 1998 ut
1557 1959 1781 2000 videantur
1818 1975 1838 1998 a
1868 1962 2027 1998 Natura

352 2031 547 2072 conditae
590 2030 712 2071 fuisse
754 2031 797 2071 in
841 2047 1005 2072 crucem
1049 2033 1385 2084 Neotericorum,
1444 2034 1516 2088 qui
1553 2034 1598 2074 in
1638 2033 1955 2075 subdividendis
1984 2045 2027 2075 et

352 2105 547 2145 minutim
575 2106 804 2147 lacerandis
837 2108 1060 2161 generibus
1091 2108 1344 2149 naturalibus
1375 2109 1548 2164 gloriam
1592 2110 1672 2150 sibi
1715 2121 1935 2164 quaerunt,
1981 2110 2026 2150 in

355 2181 547 2220 damnum
578 2180 800 2223 Scientiae.
872 2182 1039 2238 Species
1069 2200 1090 2222 a
1120 2185 1258 2224 colore
1289 2185 1565 2225 determinare
1595 2185 1744 2237 malui,
1803 2185 1900 2240 quia
1929 2200 2024 2225 con-

355 2255 574 2295 StantiOTeS
603 2268 714 2308 SUH'C,
746 2273 869 2313 quam
898 2270 1104 2299 SCUtOI'Um
1132 2275 1473 2315 Squamaruque
1503 2276 1707 2303 numerUS·
