2185 2890
862 215 1006 236 Ξ
1691 203 1774 252 541

94 312 218 368 plane
247 310 467 352 destitutos
496 308 726 365 reliquerit.
786 309 956 365 Frigido
996 310 1041 352 in
1092 311 1302 353 elemento
1349 312 1527 368 frigente
1583 312 1664 369 ipsi
1693 328 1780 353 san-

95 388 220 442 guine
250 386 382 443 pisces
410 399 539 426 coeco
577 396 713 425 oestro
748 385 900 441 perciti
936 386 1087 427 mutuis
1128 387 1291 441 gaudiis
1331 388 1410 428 frui
1450 389 1534 429 fere
1573 388 1776 430 nesciunt.

95 466 238 503 Ruunt
266 459 505 510 turmatim,
548 461 616 501 vel
658 475 734 516 per
770 460 884 517 paria
915 462 1157 502 secedentes
1188 474 1230 503 et
1260 474 1432 518 uterque
1463 479 1582 504 sexus
1613 479 1781 505 omnem

95 536 265 586 venerei
295 535 452 576 ardoris
483 535 724 587 materiam,
767 552 850 577 non
888 547 1031 577 tamen
1075 537 1163 578 sine
1201 554 1299 578 cura
1328 550 1370 578 et
1400 538 1556 580 selectu
1585 538 1695 589 loci,
1736 539 1782 579 in

96 627 221 668 aquas
250 611 426 652 fortuito
466 612 699 652 effundunt.
759 616 850 652 Ova>
888 623 1048 653 matura
1093 625 1323 654 excernunt
1367 613 1602 665 foeminae,
1648 629 1780 656 mares

97 689 230 728 effuso
259 699 464 744 spermate
496 686 716 742 inquinant
747 702 871 743 aquas
906 699 948 727 et
978 688 1098 728 undis
1129 704 1274 730 munus
1305 690 1621 730 foecundandae
1650 690 1780 746 prolis

98 763 350 818 relinquunt.
410 763 512 818 Quis
542 778 625 803 non
655 765 798 804 cred-at
827 763 927 804 inde
958 764 1191 805 necessario
1223 765 1369 821 sequi,
1400 777 1444 805 ut
1481 764 1640 821 species
1668 780 1780 806 com-

96 838 348 879 misceantur
375 850 417 879 et
446 837 627 893 hybrida
658 839 868 888 oriantur,
915 839 1159 895 praesertim
1197 840 1241 881 in
1272 841 1492 882 fluentibus
1523 839 1665 897 aquis,
1709 840 1783 881 ubi

94 917 231 956 undae
260 925 377 955 rnotu
412 914 532 954 unius
571 915 728 971 speciei
771 930 936 972 sperma
979 915 1023 955 in
1067 916 1191 956 ovula
1234 916 1428 967 alterius,
1476 917 1511 958 si
1545 932 1628 957 non
1658 917 1785 972 longe

96 990 257 1041 absint,
287 989 498 1031 transferri
528 1002 680 1046 potest.
738 992 786 1031 Id
817 1003 957 1030 tamen
986 990 1030 1031 in
1064 992 1304 1032 Salmonum
1334 1004 1376 1033 et
1407 992 1685 1048 Cyprinorum
1716 1007 1783 1047 ge-

94 1067 287 1117 neribus,
334 1066 568 1122 specierum
611 1078 653 1107 et
696 1065 1011 1107 individuorum
1051 1082 1224 1108 numero
1260 1068 1621 1123 praevalentibus,
1665 1068 1793 1110 nullu-—

96 1143 210 1197 quod
240 1141 368 1181 sciam
400 1142 596 1197 exemplo
624 1143 842 1197 probatum
878 1153 951 1184 est.
1013 1146 1105 1184 Nec
1150 1142 1383 1184 similitudo
1426 1144 1649 1184 multorum
1694 1158 1783 1200 spe·

94 1217 254 1258 cierum
281 1216 508 1272 quidquam
541 1217 740 1273 suspicari
772 1217 896 1265 sinit,
940 1234 1034 1258 cum
1073 1233 1244 1272 quaews
1284 1217 1447 1271 species
1484 1234 1554 1259 sua
1593 1230 1782 1274 tempora

102 1304 259 1343 servat,
304 1304 414 1333 caste
445 1308 558 1334 suam
590 1294 766 1333 formam
795 1304 1022 1349 propaget,
1059 1306 1102 1334 et
1133 1295 1183 1334 ab
1218 1293 1437 1344 affinibus,
1469 1294 1692 1334 momentis
1722 1295 1783 1335 in·

84 1368 332 1416 concussis,
378 1380 469 1408 utut
498 1384 644 1424 parum
662 1401 672 1419 ‚
712 1368 894 1410 differat.
953 1373 1107 1410 Forsan
1136 1368 1265 1425 igitur
1293 1372 1453 1410 Natura
1481 1380 1625 1411 contra
1654 1369 1784 1410 talem

95 1443 372 1500 hybridorum
411 1456 545 1486 ortum
578 1460 628 1486 eo
657 1446 900 1501 prospexit,
937 1457 982 1486 ut
1013 1461 1175 1503 sperma
1204 1444 1326 1487 unius
1355 1444 1513 1502 speciei
1539 1445 1585 1487 in
1615 1444 1783 1491 alterius

97 1520 254 1576 speciei
282 1521 403 1560 ovula
436 1532 649 1561 actuosum
680 1536 768 1562 esse
796 1520 1028 1578 prohibuit.

240 1594 465 1636 Numerosi
496 1597 658 1651 generis
689 1597 929 1638 Salmonum
960 1596 1221 1645 subdivisio,
1264 1597 1309 1638 in
1341 1598 1532 1649 Truttas,
1577 1599 1780 1647 Osmeros,

99 1683 142 1713 et
171 1673 445 1718 Characinos‚
474 1670 689 1727 ingeniosa
720 1684 762 1712 et
789 1672 961 1713 omnino
992 1674 1273 1714 conservanda
1303 1685 1389 1723 est,
1421 1673 1524 1714 licet
1553 1689 1628 1728 pro
1656 1689 1780 1730 gene·

96 1748 182 1789 rica
212 1746 481 1788 distinctione
499 1746 770 1789 Characteres
798 1763 882 1789 non
912 1748 1118 1788 sufficiant
1146 1759 1188 1788 et
1214 1747 1257 1788 in
1288 1748 1536 1803 quibusdam
1562 1749 1782 1804 speciebus

98 1823 340 1879 ambiguum
370 1823 455 1863 fere
485 1822 562 1873 sit,
598 1825 650 1864 ad
679 1839 899 1879 quamnam
929 1823 1097 1865 illarum
1126 1823 1378 1865 familiarum
1407 1825 1648 1865 referendae
1678 1824 1785 1869 sint.

98 1897 446 1940 Evidentissimus
490 1910 628 1939 autem
676 1897 891 1940 character
930 1904 1076 1954 pinnae
1113 1901 1157 1940 in
1193 1911 1382 1941 extremo
1420 1901 1542 1941 dorso
1571 1901 1779 1957 adiposae,

98 1975 173 2030 qui
213 1984 377 2031 praeter
417 1974 577 2031 aliquot
605 1973 770 2017 Siluros-
800 1975 918 2017 nullo
963 1975 1048 2018 alio
1091 1974 1238 2034 generi
1277 1975 1480 2032 contigit,
1524 1990 1651 2033 genus
1681 1976 1780 2020 satis

100 2058 278 2092 coercet.
