2185 2890
850 189 996 203 “’“““““
1704 188 1761 231 79

74 293 410 348 „comitantibus.
465 295 581 333 Haec
605 292 651 332 in
678 301 871 333 truncum
897 292 1048 347 (aeque
1078 305 1125 332 ac
1153 305 1226 331 vas
1255 291 1530 346 sanguineum
1560 289 1755 332 mesarai-

76 377 219 426 ‚‚cum)
248 385 322 426 per
349 380 484 410 totum
512 367 806 408 mesenterium
836 358 1124 408 decurrentem
1152 365 1424 420 colliguntur,
1463 366 1535 421 qui
1564 381 1587 406 e
1621 364 1754 420 regioe

76 462 157 497 „ne
187 445 287 486 recti
319 442 511 485 intestini
544 457 682 483 versus
713 443 878 482 dorsum
919 443 1094 482 reflexus
1138 441 1333 482 inseritur
1355 442 1578 495 glandulae
1611 454 1753 490 cavae,

76 520 356 572 „mediastino
386 518 539 559 dor-sali
569 516 842 564 adhaerenti,
896 516 1144 572 tripollicari
1181 520 1304 572 (quae
1335 516 1512 556 cisterna
1545 515 1664 570 chyli
1692 515 1753 555 vi-

77 598 267 649 ‚‚detur),
299 610 322 635 e
351 608 430 649 qua
459 594 622 634 canales
653 604 748 634 octo
777 591 1012 631 inseruntur
1039 593 1178 633 ductui
1209 592 1324 640 albo,
1366 591 1590 631 secundum
1621 588 1754 644 longi·

77 670 295 722 „tudinem
337 668 448 709 dorsi
492 669 706 724 pergenti,
760 678 888 707 recto.
930 692 985 698 -—
1030 669 1202 720 Pylorus
1245 667 1422 706 reflexus
1451 665 1496 704 in
1529 665 1758 706 duodenum

78 744 252 797 „transit
279 743 406 799 triplo
434 743 576 793 latius,
633 743 795 783 interne
838 741 954 796 quasi
1000 741 1045 781 in
1087 741 1285 782 echinum
1329 741 1496 780 elatum.
1554 741 1756 779 Pancreas

78 822 237 872 „forma
267 819 428 867 clavae,
476 819 668 858 duodeno
699 815 921 866 adhaeret,
965 816 1184 871 eidemque
1214 815 1366 856 echino
1396 813 1619 862 inseritur3
1676 824 1755 854 tres

79 895 265 947 „similes
290 893 516 947 glandulae
545 893 789 943 distinctae,
835 907 1009 949 sparsae.
1073 893 1232 932 Ductus
1261 891 1527 932 choledochus
1554 903 1628 944 per
1656 903 1754 943 pan-

78 986 220 1021 „creas
249 968 410 1009 transit.
468 969 726 1022 Appendices
753 969 966 1023 pyloricae
996 967 1161 1014 nullae,
1213 969 1284 1007 sed
1313 965 1511 1006 intestina
1540 964 1756 1003 distincta:

79 1046 338 1096 „duodenum
374 1061 418 1083 12
450 1044 552 1098 poll.
582 1043 735 1092 album,
765 1057 966 1090 crassum,
997 1041 1226 1095 capacitate
1255 1042 1340 1080 fere
1374 1037 1626 1094 oesophagi3
1657 1048 1757 1077 tunc

80 1129 363 1170 „coarctatum
404 1117 648 1158 intestinum
698 1118 834 1157 denuo
889 1115 1084 1155 dilatatur
1136 1117 1180 1156 in
1222 1132 1383 1156 saccum
1426 1114 1750 1168 tripollicarern‚

77 1196 436 1245 „fuscescentem3
497 1191 600 1232 hinc
644 1191 796 1231 iterum
839 1202 1115 1237 coarctatum,
1172 1206 1335 1231 saccum
1385 1190 1560 1228 alterum
1603 1189 1754 1227 format

78 1267 386 1324 ,‚peramplum,
438 1281 590 1306 novem
618 1265 885 1320 pollicarem,
945 1281 966 1303 a
996 1279 1077 1319 quo
1106 1275 1257 1304 rectum
1285 1263 1445 1319 pedalis
1478 1260 1754 1317 longitudinis

80 1342 265 1399 „pei-git,
308 1352 355 1381 ut
382 1351 468 1381 tota
496 1339 715 1395 longitudo
742 1339 934 1379 intestini
963 1340 1048 1378 fere
1078 1346 1125 1379 60
1157 1338 1335 1394 pollices
1367 1348 1528 1393 aequet.
1598 1338 1752 1376 Ventri-

78 1423 220 1470 „culus
257 1417 367 1457 intus
409 1431 596 1470 rugosus,
655 1413 819 1455 echinis
866 1413 1086 1455 confractis
1129 1414 1335 1469 repletus,
1395 1412 1467 1469 qui
1508 1411 1635 1453 etiam
1676 1425 1753 1466 per

81 1505 244 1544 „totum
282 1503 459 1532 tractum
499 1489 689 1530 intestini
728 1488 1000 1544 reperiuntur.
1070 1490 1140 1528 Ad
1169 1504 1291 1529 anum
1318 1493 1454 1530 vesica
1482 1491 1662 1528 urinaria
1689 1484 1752 1525 bi-

81 1566 345 1623 ‚‚pollicaris‚
407 1565 575 1621 pollicis
605 1564 810 1614 crassitie,
867 1564 1069 1619 peculiari
1101 1575 1288 1619 apertura
1317 1578 1426 1619 pone
1457 1577 1579 1602 anum
1608 1561 1752 1600 effusa.

80 1645 235 1692 „Renes
264 1640 467 1695 duplices,
496 1653 570 1694 per
596 1650 731 1689 totum
761 1640 926 1679 dorsum
957 1639 1133 1687 extensi,
1163 1638 1358 1688 lobulosi,
1386 1636 1588 1677 vertebris
1618 1634 1747 1675 affixi.

83 1719 233 1773 „Splen
261 1715 370 1754 mole
401 1725 443 1754 et
472 1715 603 1754 forma
630 1713 740 1754 renis
769 1714 996 1754 vervecini.
1066 1714 1204 1768 Hepar
1233 1711 1557 1768 amplissimum,
1610 1710 1751 1751 colore

81 1790 298 1844 „vitulini‚
355 1789 400 1829 in
430 1790 531 1828 duos
559 1803 728 1843 magnos
756 1789 874 1828 lobos
904 1787 1106 1837 divisum,
1162 1787 1438 1827 ventriculum
1467 1785 1657 1840 utrinque
1687 1785 1749 1825 in·

83 1867 341 1918 „volventes.
413 1866 554 1918 Cystis
581 1864 704 1903 fellea
734 1863 800 1903 ovi
833 1862 1057 1917 gallinacei
1087 1863 1220 1912 mole,
1277 1862 1364 1903 bile
1395 1875 1566 1916 aquosa,
1621 1859 1750 1900 infusi

82 1941 234 1991 „theae
263 1940 415 1980 colore.
472 1940 630 1979 Ductus
658 1942 806 1992 cystici
833 1939 955 1978 valde
985 1937 1220 1993 conspicui,
1261 1937 1457 1992 insignes·
1517 1937 1598 1976 Cor
1625 1935 1751 1975 trian-

80 2017 253 2071 „gulum
281 2014 597 2069 aequilaterum,
655 2012 792 2053 antice
822 2028 941 2053 sacco
969 2012 1146 2063 aortioe,
1206 2012 1365 2068 postice
1403 2012 1586 2052 varicoso
1615 2023 1749 2050 venae

81 2105 236 2141 „cavae
266 2090 415 2137 bulbo,
444 2089 554 2128 mole
584 2099 816 2128 castaneam
844 2099 1069 2143 aequante,
1111 2087 1370 2128 instructum.
1428 2087 1559 2127 Labia
1587 2084 1750 2126 cartila-

82 2166 258 2220 „gineae
288 2175 381 2203 sunt
420 2163 614 2202 lamellae
628 2193 643 2212 ,.
694 2177 769 2218 pro
811 2178 1033 2204 nervorum
1073 2163 1248 2203 transitu
1288 2173 1504 2218 pertusae;
1559 2163 1746 2214 inferius,

83 2240 239 2291 „aliam
270 2237 554 2279 secundariam
583 2238 791 2277 suffultam
821 2237 948 2279 habet
977 2238 1287 2293 cartilaginem,
1338 2237 1483 2277 valvae
1511 2234 1747 2277 branchiali

80 2314 372 2364 „com-inuam,
412 2313 456 2353 in
485 2327 591 2367 qua,
632 2312 746 2352 velut
772 2311 817 2352 in
845 2312 969 2354 theca
997 2312 1189 2368 quiescit.
1260 2313 1384 2353 Nervi
1412 2311 1543 2367 optici
1572 2321 1614 2352 et
1642 2311 1744 2352 olfa-

81 2389 236 2442 „ctorii
262 2389 359 2431 satis
386 2388 494 2430 firmi
523 2398 567 2429 et
592 2386 743 2434 crassi,·
799 2393 922 2441 optici.
963 2403 1005 2429 se
1049 2388 1232 2430 invicem
1273 2389 1501 2430 decussant.
1559 2388 1742 2429 Maxilla
