2185 2890
427 154 513 206 146
1204 166 1347 181 --

1204 184 1346 192 nun—..—

742 261 1784 316 XIX.CA[,L10NYMVS.

550 492 906 543 Callioizymorum
956 503 1083 544 genus
1141 490 1192 528 ab
1241 488 1432 529 omnibus
1485 487 1610 528 facile
1656 487 1927 543 distinguitur
1974 493 2106 544 pinnis

412 566 658 609 ventralibas
691 565 868 620 mignis,
915 565 1056 619 jugulo
1089 565 1171 604 fere
1199 563 1480 604 insidentibus
1509 574 1551 603 et
1581 564 1705 603 valde
1736 563 1848 603 inter
1880 580 1921 604 se
1956 565 2109 605 distan-

414 641 551 689 tibus,
608 653 651 681 et
679 652 870 695 apertura
902 641 1186 680 branchiarum
1216 656 1342 696 parva
1374 651 1418 679 ut
1447 639 1492 679 in
1521 638 1695 687 Gobiis,
1747 639 1951 693 spiraculi
1981 641 2116 680 instar

415 719 486 758 sed
518 718 642 773 paulo
673 732 791 772 supra
824 715 973 771 pinnas
1006 716 1238 769 pectorales
1268 715 1357 764 sita,
1391 715 1554 768 reliquo
1584 715 1784 769 operculo
1815 730 1910 755 cum
1940 716 2111 756 flabello

417 791 739 846 b1·a11ch{ostego
769 790 938 847 penitus
973 790 1161 838 adnatis3
1219 790 1410 845 plerique
1454 789 1582 829 etiarn
1613 801 1759 829 ornatu
1789 791 2011 845 pinnarum
2041 805 2111 846 pe-

418 867 639 908 ctoraliurn
669 866 850 921 insignes
890 877 995 907 sunt.
1068 871 1135 905 An
1178 866 1298 906 detur
1328 866 1371 905 in
1403 865 1639 905 borealibus
1672 866 1822 905 nostris
1853 866 2034 906 maribus
2065 867 2115 906 C.

419 943 557 995 Lyra,
589 958 611 981 a
646 943 692 983 C.
724 943 992 982 Dracunculo
1025 941 1114 981 solo
1143 956 1244 981 sexu
1273 941 1477 989 diversus,
1512 941 1641 979 fateor
1674 955 1739 979 me
1770 940 1988 995 ignorare3
2041 940 2114 981 hic

420 1033 571 1059 novam
604 1018 768 1072 generis
801 1017 985 1072 speciem
1015 1015 1229 1071 ponticam
1260 1015 1494 1056 describere
1524 1025 1762 1055 contentus.

518 1163 630 1196 110.
691 1149 1292 1195 CALLIONYMUS
1338 1145 1606 1208 festivus.
1659 1149 1789 1191 TAB.
1831 1149 2025 1192 XXVII.

562 1244 610 1284 C.
644 1256 816 1296 corpore
846 1240 1068 1296 pinnisque
1101 1242 1208 1281 flavo
1237 1241 1438 1291 fasciatis,
1499 1241 1627 1297 pinna
1670 1241 1781 1280 dorsi
1821 1243 2001 1282 secunda
2031 1256 2112 1281 ma·

424 1318 545 1360 xima
574 1329 823 1358 ramentosa.

569 1397 616 1433 In
646 1404 768 1450 portu
798 1391 1113 1447 Eupatoriensi,
1153 1392 1266 1432 inter
1293 1393 1472 1433 minores
1501 1393 1636 1448 pisces
1666 1392 1789 1432 maris
1819 1392 1957 1446 nigri,
2004 1390 2113 1447 capi«

423 1480 490 1512 tur
524 1468 755 1515 rarissime3
786 1484 808 1507 a
844 1466 1049 1521 Chirurgo
1083 1468 1210 1507 semel
1241 1468 1411 1508 omnino
1441 1469 1770 1509 communicatus
1798 1483 1906 1508 anno
1943 1477 2057 1519 ¹794·

565 1546 740 1584 Descr.
772 1543 1001 1596 Longitado
1032 1542 1199 1582 circiter
1227 1544 1654 1599 quinquepollicaris:
1686 1546 1819 1598 Caput
1850 1544 2107 1598 depressum,

429 1619 702 1674 triangulare,
733 1633 849 1672 supra
881 1617 1156 1672 inaequaliter
1186 1633 1441 1667 convexum,
1474 1621 1614 1659 subtus
1631 1618 1947 1674 planiusculum,
1980 1629 2112 1657 rostro

433 1697 593 1736 obtuso.
654 1694 712 1734 Os
740 1692 960 1733 terminale
990 1707 1184 1747 parvum,
1237 1693 1410 1734 exiliter
1439 1694 1663 1744 labiatum,
1706 1698 1880 1734 maxilla
1911 1698 2113 1744 superiore

431 1771 556 1828 paulo
585 1769 794 1824 longiore,
822 1768 864 1808 in
897 1767 1036 1807 medio
1068 1768 1251 1823 margine
1282 1770 1404 1810 crista
1435 1772 1576 1810 scabra
1607 1769 1760 1817 divisa,
1805 1771 1987 1820 inferiore
2017 1768 2110 1808 sim-

431 1846 549 1903 plici.
608 1845 812 1900 Opercula
841 1854 882 1882 et
901 1843 1077 1895 flabella
1117 1844 1424 1898 branchiostega
1463 1843 1645 1898 undique
1677 1845 1851 1890 adnata,
1907 1847 2112 1898 spiraculo

430 1920 576 1978 pervio
611 1921 661 1959 ad
690 1918 884 1959 nucham.
959 1917 1102 1957 Media
1140 1920 1427 1973 operculorum
1466 1918 1620 1959 lamina
1650 1930 1804 1958 armata
1833 1923 1949 1973 spina
1979 1917 2112 1964 brevi,

434 1997 654 2044 uncinata,
684 2005 776 2035 cute
806 1993 1170 2034 semiabscondita.
1227 1994 1352 2034 Radit
1379 1994 1424 2033 in
1455 1995 1627 2034 membr.
1657 1993 1828 2033 branch.
1861 2003 1899 2043 4.
1931 1994 2111 2032 latentes

434 2069 677 2113 tenuissimi.
740 2071 896 2123 Corpus
926 2070 1204 2124 alepidotum‚
1237 2085 1259 2109 a
1287 2069 1423 2125 capite
1453 2070 1602 2118 latum,
1634 2071 1871 2124 depressum
1900 2082 2027 2122 usque
2056 2069 2107 2107 ad

440 2163 586 2196 anum,
618 2147 746 2186 cauda
776 2143 877 2186 hinc
906 2144 1288 2201 tereti-depressa,
1319 2146 1470 2186 sensim
1501 2147 1744 2193 adtenuata,
1786 2146 1938 2189 fossula
1967 2145 2107 2183 subtus

439 2221 733 2275 longimtlinali
766 2236 840 2276 pro
868 2220 996 2276 pinna
1027 2219 1118 2270 ani,
1165 2222 1368 2276 dorsoque
1398 2224 1669 2262 canaliculato
1699 2234 1773 2274 pro
1803 2218 1941 2273 pinnis
1972 2219 2106 2257 dorsa-

440 2296 561 2337 libus.
632 2298 755 2336 Linea
785 2300 966 2337 lateralis
994 2307 1130 2335 sutura
1159 2308 1299 2350 argute
1342 2297 1549 2345 carinata,
1608 2297 1728 2335 dorso
1759 2294 1896 2333 vicina
1925 2304 1965 2333 et
1996 2303 2106 2331 retro

442 2386 564 2412 anum
605 2371 827 2427 parallela‚
882 2382 1112 2412 anti-orsum
1163 2373 1421 2412 subtlexuosa
1473 2385 1611 2412 versus
1650 2370 1913 2426 spiraculum.
1983 2369 2108 2408 Color
