2185 2890
843 190 989 213 =
1667 186 1754 223 255

88 290 216 346 spinis
257 289 435 329 robustis
469 305 528 328 ιι.
573 285 740 341 (primis
781 286 1040 342 minoribus)
1090 287 1250 342 postice
1295 287 1427 328 aristis
1467 289 1659 332 fissilibus
1695 299 1754 334 13.

86 365 267 413 radiata,
310 375 396 403 tota
425 361 696 415 subaequalis.
758 362 798 401 P.
831 363 986 402 caudae
1023 374 1066 412 14
1097 361 1278 411 radiata,
1322 378 1471 417 parva,
1515 365 1664 406 leviter
1694 366 1757 407 bi·

84 440 220 485 furca3
266 439 419 478 caudae
455 452 546 491 pars
582 451 749 475 carnosa
784 435 977 490 utrinque
1015 441 1176 477 macula
1215 436 1325 477 ovali
1363 439 1501 488 fusca,
1544 440 1670 481 etiam
1709 441 1754 482 in

83 513 321 554 minoribus>
354 513 462 565 (Fig.
481 514 537 563 α.)
554 513 700 551 Sutura
724 510 904 550 lateralis
935 526 1078 561 crassa,
1111 513 1233 551 dorso
1263 511 1443 552 vicinior
1472 525 1512 552 et
1542 516 1753 567 parallela.

222 590 364 627 Variae
392 587 601 626 interdum
632 586 769 639 strigis
800 586 991 640 utrinque
1022 586 1191 626 circiter
1214 593 1271 626 18.
1302 586 1434 626 aureis
1465 589 1753 644 argenteisque

82 663 273 711 alternis,
317 676 486 716 quarum
518 679 555 713 7.
598 676 716 715 supra
758 671 937 700 suturam
982 661 1209 700 lateralem.
1282 666 1512 716 Argenteus
1541 666 1750 720 splendor,

80 736 321 793 praesertim
351 739 483 786 dorso,
516 735 645 789 magis
675 735 862 775 minusve
893 737 1202 776 coerulescente
1232 737 1419 791 perfusus
1449 738 1493 778 in
1519 741 1753 782 recentibus

81 826 203 867 saepe
235 811 388 852 multis.

214 889 263 925 In
305 886 492 926 dissectis
534 885 745 941 pinguedo
788 884 966 941 plurima
1010 886 1121 926 circa
1160 886 1359 927 intestina
1400 888 1540 930 exilia.
1607 891 1753 930 Vesica

78 967 196 1002 ae'rea
225 961 269 1001 in
297 977 456 1002 summo
485 963 536 1001 ad
566 963 786 1001 Vertabras
824 961 1000 1015 angulo,
1046 973 1472 1019 ovato-compressa,
1515 966 1577 1007 uti
1616 976 1754 1006 totum

79 1036 312 1077 abdominis
342 1053 501 1080 cavum.
558 1038 813 1091 Appendices
844 1037 1057 1091 pyloricae
1086 1037 1241 1078 nullae.

478 1213 699 1303 'xxxvi
774 1252 816 1301 c
852 1252 899 1301 o
935 1252 974 1300 R
1009 1252 1051 1300 A
1088 1252 1129 1299 c
1163 1253 1186 1301 I
1218 1252 1277 1303 Ν
1310 1253 1347 1305 L

213 1484 355 1539 Bigam
396 1484 573 1540 pissium
620 1485 741 1525 maris
785 1485 893 1540 nigri
936 1485 1287 1526 nobilissimorum
1320 1488 1371 1527 ad
1402 1488 1593 1529 Sciaenas
1622 1491 1746 1533 facile

74 1559 318 1608 retulissem,
350 1560 382 1599 si
414 1575 495 1600 non
524 1575 761 1599 communes
791 1562 1003 1601 amborum
1035 1564 1298 1609 characteres,
1328 1563 1572 1616 praesertim
1601 1571 1747 1620 pinnae

73 1635 246 1674 dorsalis
285 1645 325 1673 et
367 1638 499 1674 anulis
540 1635 814 1674 conformatio
859 1635 1076 1689 singularis
1116 1635 1238 1674 simul
1281 1651 1373 1675 cum
1421 1638 1561 1678 habitu
1589 1639 1647 1679 ita
1678 1655 1746 1680 eas

72 1712 369 1763 conjungerent
399 1720 440 1748 et
470 1725 491 1748 a
523 1708 706 1748 Sciaenis
736 1709 1062 1762 distinguerent,
1102 1720 1145 1748 ut
1174 1708 1283 1749 nihil
1315 1711 1447 1751 valeat
1478 1728 1670 1767 praesens
1700 1715 1745 1756 in

72 1797 210 1822 earum
241 1783 367 1823 altera
397 1784 531 1823 sulcus
560 1783 635 1822 ille
666 1783 797 1832 dorsi,
829 1784 980 1838 pinnae
1009 1784 1299 1823 recondendae
1329 1784 1576 1837 inserviens,
1608 1790 1743 1831 Seiae-

51 1857 134 1897 ·nis
171 1858 390 1907 solemnis,
434 1862 547 1912 cujus
591 1857 634 1898 in
678 1859 805 1898 altera
837 1858 1031 1898 Coracini
1060 1859 1199 1913 specie
1236 1874 1288 1898 ne
1323 1860 1543 1914 vestigium
1572 1864 1744 1917 quidem

71 1933 200 1972 adest.
260 1932 449 1972 Militem
478 1933 605 1987 igitur
634 1934 706 1973 sub
737 1933 906 1973 nomine
938 1935 1121 1973 nondum
1161 1945 1391 1988 occupato,
1436 1937 1568 1977 donec
1605 1939 1743 1993 plures

71 2006 202 2054 forte,
247 2009 357 2061 quod
400 2007 506 2046 mihi
548 2024 745 2062 perquam
790 2008 1053 2055 verosimile,
1110 2022 1358 2061 congeneres
1401 2012 1583 2066 species,
1633 2013 1742 2054 inter

70 2082 222 2120 Labros
251 2083 318 2121 vel
348 2084 493 2136 Sparos
524 2081 735 2138 hucusque
764 2085 993 2139 appellatos
1031 2083 1244 2134 exoticos,
1302 2087 1432 2139 probe
1462 2086 1736 2142 innotescant,

74 2165 113 2196 et
142 2157 192 2196 ad
222 2157 406 2197 naturale
437 2172 562 2212 genus
593 2159 826 2198 referantur.

631 2277 666 2286 .-
