2185 2890
396 170 479 212 104
1150 169 1295 184 -·--·

385 272 429 315 in
459 277 649 320 Carnam,
706 270 861 312 Occam
891 266 977 309 imo
1007 266 1266 309 collaterales
1311 266 1378 307 his
1421 265 1581 307 fluvios.
1654 263 1900 321 Bipeclalem
1931 268 2056 322 vulgo

382 346 714 403 magnitudinem
743 356 785 386 et
814 345 973 400 pondus
1009 351 1052 385 15
1086 344 1151 384 vel
1185 360 1230 383 20
1262 342 1355 383 libr.
1388 357 1477 382 raro
1507 343 1727 391 excedunt,
1760 340 1837 381 nisi
1852 343 2052 393 Obenses,

385 422 456 479 qrii
485 422 530 462 in
560 423 598 461 ss.
667 423 773 461 Tom
805 421 855 461 ad
883 419 1224 475 quadripedalem
1272 419 1424 459 molem
1466 428 1510 457 et
1551 418 1712 473 pondus
1752 433 1826 468 περ
1857 416 2056 457 librarum

386 513 476 540 raro
506 496 704 552 exemplo
734 495 846 551 capti
887 506 929 536 et
968 494 1151 550 prodigii
1195 493 1323 534 instar
1366 493 1417 532 ad
1460 492 1593 532 aulam
1634 491 1899 547 imperialem
1941 489 2057 531 missi

389 583 495 614 sunt.
581 570 786 612 Omnibus
831 569 1130 625 congeneribus
1174 567 1438 610 delicatiores
1481 566 1686 607 habentur
1725 566 1965 622 praesertim
2011 566 2056 607 in

388 647 546 702 jusculo
576 661 599 687 e
629 645 760 686 muria
791 659 1076 694 cucumerum,
1136 645 1204 685 vel
1252 644 1417 684 acidulo
1458 654 1559 698 potu
1590 644 1719 696 Quass
1748 654 1865 682 cocta
1894 653 1937 682 et
1967 645 2055 682 Mo-

391 737 509 763 scuae
541 732 662 776 atque
691 720 902 776 Petropoli
930 734 1013 760 non
1054 721 1285 760 venduntur
1327 720 1512 775 pondere
1543 719 1614 757 sed
1644 718 1870 758 secundum
1901 717 2057 772 magni-

389 797 605 846 tudinem,
645 796 705 837 ita
733 807 779 836 ut
807 794 960 844 adulti,
1020 793 1126 845 vivi,
1186 793 1257 850 qui
1289 795 1473 834 ulnarem
1503 792 1809 847 longitudinem
1838 792 2057 847 adtingunt

391 873 457 912 vel
484 872 713 921 excedunt,
757 874 902 911 insano
931 870 1087 926 pretio,
1145 869 1401 926 progressive
1431 883 1505 924 pro
1536 868 1698 922 singulo
1729 866 1947 907 Verschok
1976 881 2059 907 cre-

391 957 550 995 scente,
587 946 831 987 vendantur.
887 945 1168 985 Advehuntur
1196 956 1333 984 autem
1365 944 1452 984 vidi
1482 944 1525 983 in
1558 943 1731 984 navibus
1759 958 1932 997 quorum
1961 942 2062 982 cari-

389 1036 441 1061 na
469 1031 633 1075 pertusa
662 1035 809 1074 aquam
839 1019 1002 1074 recipit.
1077 1019 1232 1059 Ovaria
1269 1034 1432 1074 quoque
1468 1033 1745 1073 congerierum
1786 1017 1875 1057 ovis
1905 1018 2060 1072 praefe-

390 1107 532 1135 runtur
560 1105 602 1135 et
631 1094 813 1135 recentia
844 1093 1025 1134 maxime
1055 1093 1227 1134 delicias
1256 1096 1468 1149 praebent.
1502 1119 1554 1125 —-
1594 1097 1642 1134 In
1674 1094 1801 1134 Cama
1832 1102 1873 1132 et
1900 1091 2063 1132 Jenisea

391 1170 503 1225 capti
534 1169 721 1210 omnium
750 1168 1090 1214 deliciosissimi;
1146 1168 1318 1223 pessimi
1347 1184 1399 1209 ex
1433 1170 1526 1210 Obo
1562 1180 1604 1210 et
1636 1168 1709 1208 Irti
1737 1169 1776 1208 fl.
1808 1179 1850 1208 et
1880 1182 1901 1208 e
1930 1170 2066 1208 Tomo

390 1244 580 1285 maximi.
657 1242 795 1284 Rostri
837 1243 968 1282 forma
1010 1244 1234 1283 admodum
1276 1244 1460 1293 variant,
1526 1255 1569 1283 ut
1607 1244 1651 1283 in
1681 1244 1828 1283 eadem
1858 1253 1992 1283 aetate
2021 1253 2064 1282 et

392 1317 678 1373 magnitudine
709 1320 770 1358 his
799 1317 1082 1358 acutissimum
1111 1329 1151 1358 et
1181 1319 1427 1373 productum
1457 1318 1510 1358 sit
1539 1330 1733 1367 rostrum,
1789 1321 1870 1359 illis
1899 1316 2065 1357 brevius

393 1404 435 1434 et
451 1394 694 1433 subacutum
711 1393 780 1432 vel
803 1392 1000 1433 obtusius.
1045 1395 1280 1432 Anatomen
1306 1393 1424 1433 dedit
1447 1395 1678 1434 Koelreuter
1695 1397 1909 1448 loc-supra
1924 1397 2067 1432 citato.

528 1468 696 1508 Descr.
780 1469 1025 1521 Magnitudo
1082 1467 1268 1522 bipadali
1324 1483 1412 1508 raro
1476 1472 1619 1523 major.
1725 1469 1858 1522 Caput
1915 1469 2065 1508 conico

394 1542 695 1589 acuminatum,
739 1543 910 1598 dempto
940 1554 1070 1584 rostro
1100 1541 1283 1582 Sturioni
1311 1543 1396 1583 fere
1427 1542 1589 1592 simile,
1634 1544 1706 1583 sed
1737 1541 1871 1583 minus
1901 1542 2065 1597 angula-

393 1629 501 1666 tum,
546 1618 630 1656 fere
661 1616 843 1671 undique
874 1633 1126 1666 convexum,
1185 1617 1342 1658 vertice
1373 1619 1498 1659 modo
1528 1617 1645 1658 callis
1673 1618 1911 1674 inaequuli;
1966 1620 2065 1659 calli

394 1691 516 1732 lineis
545 1692 789 1747 granulatis,
846 1692 1044 1748 asperulis
1074 1691 1243 1741 radiati,
1301 1693 1345 1732 in
1376 1694 1510 1733 fronte
1540 1694 1643 1742 duo,
1700 1694 1744 1734 in
1774 1693 1954 1742 vertice,
2012 1694 2064 1734 ad

394 1778 580 1822 tempora
611 1767 806 1823 utrinque
834 1779 876 1807 et
902 1766 1139 1822 imperfecti
1176 1782 1284 1822 pone
1320 1769 1462 1809 oculos
1491 1779 1532 1808 et
1562 1767 1756 1823 utrinque
1786 1769 1838 1807 ad
1866 1767 2061 1808 nucham.

394 1841 546 1882 Nucha
577 1847 714 1883 carina
742 1841 998 1897 prominula,
1029 1842 1204 1882 scutello
1233 1841 1369 1896 primo
1402 1841 1554 1883 dorsali
1583 1842 1871 1883 subcontinua.
1905 1867 1952 1874 --
1983 1844 2062 1883 Ro·

393 1920 519 1957 'strum
566 1916 828 1971 longitudine
869 1917 955 1957 fere
997 1914 1130 1957 cranii
1167 1916 1424 1970 elongatum,
1493 1917 2061 1972 teretiusculo-depressum,

395 1991 485 2032 basi
513 1992 653 2032 subtus
682 1992 874 2047 planum,
931 1992 1005 2031 sub
1035 1989 1167 2031 oculis
1196 1990 1388 2046 utrinque
1417 1992 1665 2039 carinatum‚
1721 2003 1909 2033 extremo
1939 1991 2064 2032 subli-

396 2065 510 2108 neari
538 2068 680 2121 (saepe
708 2065 947 2121 insigniter)
975 2067 1201 2122 producto,
1243 2066 1522 2122 subcapitato,
1552 2078 1686 2108 totum
1716 2083 1834 2122 supra
1862 2066 1971 2106 striis
2000 2066 2063 2106 in·

396 2141 585 2182 ordinate
615 2140 987 2196 longitudinalibus
1016 2140 1323 2191 scaberrimum,
1354 2156 1456 2196 quae
1487 2154 1531 2182 et
1560 2144 1633 2183 sub
1663 2141 1794 2183 oculis
1824 2141 2064 2181 continuan-

396 2226 481 2261 tur,
510 2217 648 2255 subtus
680 2215 808 2270 magis
838 2216 977 2265 laeve,
1022 2214 1353 2270 planiusculum,
1391 2232 1528 2258 versus
1558 2232 1602 2257 os
1631 2222 1805 2258 verrucis
1839 2233 1874 2256 2.
1905 2215 2064 2256 haemi·

400 2287 648 2343 sphaericis,
695 2291 822 2330 altera
851 2302 945 2346 post
973 2290 1169 2337 alteram,
1211 2302 1411 2333 notatum.
1479 2294 1613 2334 Cirrhi
1641 2292 1781 2332 medio
1811 2291 1920 2331 inter
1949 2306 1992 2332 os
2022 2301 2066 2341 et

401 2362 561 2417 apicem
589 2363 709 2404 rostri
737 2364 975 2414 intervallo,
1005 2378 1240 2421 compresso
1284 2367 1479 2421 subulati,
1508 2366 1638 2410 medii
1666 2366 1791 2423 paulo
1819 2367 2061 2408 remotiores
