2185 2890
438 178 529 218 266
1191 180 1334 203 ’Ξ-

438 283 593 331 viridi;
636 283 783 322 aristae
811 278 920 319 intra
950 273 1113 318 carnem
1141 277 1312 326 virides,
1343 275 1570 316 intensiore
1601 276 1763 325 colore,
1803 291 1925 331 quam
1954 277 1998 317 in
2029 281 2103 318 Be-

438 360 548 400 lone.
608 356 848 396 Similitudo
880 354 1017 408 aliqua
1045 368 1139 394 cum
1169 353 1303 392 Labro
1333 354 1476 402 Rona,
1518 353 1687 393 Ascanii
1716 354 1820 392 Icon.
1854 350 1936 391 tab.
1973 362 2030 401 14.
2062 364 2105 393 et

437 433 544 473 forte
587 431 697 472 hunc
742 440 927 470 nostrum
968 430 1093 468 refert
1136 428 1289 466 Labrus
1337 427 1568 476 lunulatus,
1627 429 1797 468 Forskal
1833 428 1958 467 Faun.
1990 427 2103 467 arab.

438 524 477 562 p.
510 514 574 559 37.
613 523 650 547 n.
683 512 747 555 34.
819 503 1101 546 conferendus
1145 515 1310 556 quoque
1348 503 1394 541 L.
1435 516 1634 553 venosus,
1693 504 1907 542 Briinnich.
1950 504 2103 542 massil-

435 597 477 635 p.
508 588 572 624 58.
605 598 643 623 η.
674 589 739 636 74.

713 692 824 737 186.
882 691 1188 735 LABRUS
1234 684 1447 749 fuscus,
1498 689 1627 731 TAB.
1677 688 1833 731 LVIII.

574 808 620 846 L.
664 804 1104 861 gryseo-nebulosus,
1157 802 1294 844 fasciis
1331 802 1508 842 laterum
1545 799 1919 857 longitudinalibu!
1955 801 2106 852 fuscis,

434 877 559 920 litura
588 882 742 921 caudae
770 881 902 935 nigra.

569 956 741 1010 Sapidus
777 955 928 1010 piscis,
980 952 1087 992 mihi
1123 964 1283 994 tantum
1312 953 1363 992 ad
1400 967 1590 992 saxosum
1627 951 1745 991 littus
1778 950 1954 990 Tauriae
1994 951 2105 992 circa

431 1028 599 1083 Alupka
629 1031 889 1069 observatus,
924 1027 996 1067 ubi
1025 1041 1121 1066 vere
1151 1028 1356 1081 frequens.

572 1105 744 1144 Descr.
802 1103 1032 1156 Longitudo
1061 1117 1231 1150 manus,
1282 1101 1444 1141 habitus
1479 1099 1781 1155 praecedentis.
1849 1102 1983 1156 Caput
2010 1115 2102 1156 pro·

432 1178 764 1227 ductiusculum,
819 1178 900 1217 oris
943 1176 1065 1216 labiis
1105 1176 1274 1226 crassis,
1330 1175 1539 1220 carnosis;
1595 1175 1864 1221 rubentibus‚·
1906 1180 2101 1216 maxillae

432 1252 726 1306 subaequales,
770 1262 942 1305 utraque
985 1252 1198 1291 denticulis
1238 1251 1420 1300 obtusis,
1466 1248 1689 1298 confertis,
1732 1249 1904 1290 inferior
1931 1251 2100 1291 tantillo

430 1326 680 1378 majoribUS‚
738 1325 921 1380 superior
965 1325 1083 1380 apice
1124 1324 1398 1365 intervallatis
1441 1326 1554 1378 (Fig
1598 1324 1674 1372 bn*-
1753 1327 1880 1367 Irides
1922 1336 2096 1365 auratae.

428 1400 631 1453 Opercula
660 1399 842 1454 prolixa,
897 1400 1075 1452 squamis
1106 1399 1349 1449 majoribus,
1394 1414 1463 1438 ora
1492 1410 1659 1438 cutacea
1689 1401 1838 1453 angulo
1868 1404 2021 1450 majore
2057 1409 2100 1439 et

431 1474 593 1515 minore
621 1475 833 1528 producta.
893 1474 1048 1526 Corpus
1077 1473 1355 1512 lanceolatum
1386 1487 1675 1527 compressum,
1708 1474 2093 1528 niacrolepidotuni,

430 1563 645 1604 gryseum,
687 1548 953 1595 nebulosum,
999 1559 1039 1586 et
1081 1550 1272 1600 utrinque
1303 1550 1450 1599 fasciis
1490 1548 1690 1587 lituratis.
1734 1548 1879 1596 fuscis,
1921 1564 2000 1588 una
2045 1548 2097 1588 ad

427 1623 601 1679 pinnam
631 1623 858 1670 dorsalem,
905 1622 1031 1660 altera
1070 1636 1144 1676 per
1180 1621 1317 1662 media
1354 1623 1507 1668 latera,
1547 1637 1651 1676 quae
1694 1626 1838 1663 liturae
1875 1623 2015 1677 nigrae
2045 1623 2098 1662 ad

430 1698 604 1738 caudam
633 1698 868 1751 respondet.
935 1698 1082 1737 Sutura
1119 1696 1300 1736 lateralis
1336 1696 1445 1736 inter
1474 1712 1660 1751 squamas
1690 1699 1814 1738 dense
1842 1697 2093 1737 imbricatas.

426 1772 576 1812 Pinnae
607 1772 836 1826 pectorales
867 1772 1135 1821 rotundatae,
1185 1771 1310 1810 radiis
1347 1778 1404 1811 18.
1445 1770 1613 1824 rigidis;
1671 1773 1844 1813 dorsalis
1884 1772 2092 1820 continua,

428 1846 758 1901 subaequabilis‚
801 1847 927 1886 radiis
954 1845 1159 1900 prioribus
1197 1855 1255 1895 14.
1295 1845 1622 1900 spinescentibus
1644 1876 1654 1894 ,
1704 1848 1775 1886 sed
1805 1845 2092 1895 debilioribus,

427 1920 724 1975 posterioribus
752 1922 875 1975 paulo
903 1919 1180 1974 longioribus,
1221 1919 1473 1959 dichotomis
1510 1937 1567 1959 10.
1598 1921 1908 1960 rufescentibus.
1966 1921 2094 1960 Pinna

427 1999 495 2035 ani
537 2010 657 2049 saepe
698 1995 931 2050 variegata,
982 1993 1365 2034 duodecimradiata
1410 2008 1584 2048 quorum
1624 1996 1779 2049 priores
1811 2001 1847 2034 3.
1888 1993 2091 2034 robustius

426 2068 594 2123 spinosi.
665 2071 831 2113 Caudae
871 2069 999 2126 pinna
1039 2068 1248 2123 aequaliS,
1289 2069 1404 2109 fusco
1443 2070 1671 2119 rufescens,
1713 2084 1832 2126 saepe
1870 2068 2094 2123 variegata,

430 2143 640 2188 radiorum
674 2155 733 2200 ¹4-
