2185 2890
854 161 998 184 Ξ
1668 151 1760 201 507

88 261 289 303 diameter
320 271 470 301 transv.
508 264 558 300 1⁰.
590 263 655 301 8“‘.
696 258 976 314 prominentia
1010 257 1131 298 rostri
1160 259 1268 300 ultra
1297 272 1368 307 os,
1414 262 1644 319 eademque
1672 264 1758 306 fere

85 337 290 376 crassities
320 336 423 376 labii
451 336 519 385 4²⁰.
576 334 770 383 Viscera,
817 335 961 374 dentes
990 334 1198 382 faucium,
1242 335 1380 377 vesica
1410 338 1573 379 anemis.
1600 351 1646 380 ut
1672 340 1759 397 ple-

83 410 223 466 aisque
255 410 464 466 Cyprinis.

184 502 445 536 Celeberrimus
472 499 577 535 Pallas
603 499 652 548 (³⁶)
680 504 713 533 in
742 503 869 533 itinere
898 503 1008 544 priori
1036 504 1170 545 piscem
1197 503 1232 534 in
1261 502 1463 537 fluminibus
1493 508 1676 540 Davuricis
1704 511 1760 542 vi-

84 565 228 595 ventem
256 562 461 594 observavit
486 566 523 595 et
550 563 740 605 descripsit
767 563 801 592 in
830 564 1012 594 itinerario
1035 559 1155 605 (Pallas
1184 564 1290 595 Reise
1318 563 1392 597 Sten
1415 565 1537 597 Theils
1569 575 1638 599 mes
1653 568 1761 602 Buch,

84 621 235 663 Anhang
263 631 340 663 pag.
370 621 441 667 703
482 630 530 656 ηπ
560 622 636 666 39.)
667 626 703 654 et
730 624 764 653 in
794 624 892 652 Actis
921 623 1021 652 novis
1049 621 1326 664 Petropolitanis
1354 625 1437 657 Vol.
1472 635 1539 656 1mo
1567 636 1647 669 pag,
1672 626 1759 670 355,

85 682 120 711 in
149 691 219 722 quo
247 681 350 711 simul
387 681 536 723 figuram
570 684 676 724 piscis
717 691 736 713 a
777 682 890 714 latere
931 685 968 714 et
1008 683 1135 723 capitis
1176 682 1218 712 ab
1247 683 1407 715 inferiori
1445 695 1547 727 parte
1583 689 1696 719 visam
1723 689 1759 719 in

82 740 169 770 Tab.
198 743 253 771 XI.
283 741 353 782 Fig.
383 740 405 773 8
433 745 469 773 et
495 751 530 785 9.
558 742 783 783 delineavit).
836 744 941 772 Piscis
970 751 1082 772 novus
1110 743 1199 783 qui,
1240 739 1398 786 Cyprium
1424 743 1529 778 Labeo
1564 746 1608 778 ab
1634 749 1758 780 inven-

83 802 163 831 tore
190 799 392 844 appellatus
421 803 458 832 et
484 803 517 832 in
546 803 647 833 icone
675 801 812 841 adjecta
840 801 1003 843 depictus
1029 804 1084 832 est
1112 801 1203 842 (vid.
1221 803 1394 835 Tabulam
1417 815 1530 837 meam
1548 810 1590 839 V.
1605 809 1674 848 Fig.
1692 805 1759 852 2.),

85 869 147 890 ore
176 862 389 902 cyprinaceo
416 861 560 903 quidem
588 862 780 893 instructus
816 864 870 892 est
907 860 966 891 sed
1001 864 1118 892 rostro
1155 871 1226 892 non
1254 862 1446 896 admodum
1474 867 1600 907 insigni
1628 867 1761 908 gaudet

86 918 135 960 (si
161 918 248 950 alias
276 923 454 952 structura
479 922 549 952 oris
576 923 611 953 in
636 923 739 955 icone
767 921 859 954 bene
886 930 1056 962 expressa
1084 921 1144 961 sit)
1172 923 1218 952 ita
1235 944 1246 962 ‚
1291 926 1331 955 ut
1365 925 1557 966 nequidem
1591 936 1672 957 cum
1700 937 1759 958 ro·

84 981 159 1010 stro
188 976 324 1022 Cyprini
357 977 467 1013 Nasus
504 979 631 1013 Blochii
668 981 830 1022 (Bloch's
870 979 993 1012 Fische
1033 980 1295 1013 Deutschlands
1333 984 1418 1015 Tab.
1450 987 1518 1027 ΙΙ.)
1559 986 1761 1027 comparari

83 1040 224 1081 possit3
253 1043 412 1071 attamen
438 1045 564 1072 auctor
590 1040 844 1072 celeberrimus
874 1040 982 1070 alium
1011 1041 1143 1082 piscem
1172 1042 1307 1083 insigne
1334 1047 1530 1076 rostratum
1557 1056 1602 1076 ex
1625 1046 1757 1077 Amat-e

84 1107 131 1128 ex
159 1100 249 1129 Lena
286 1103 323 1131 et
349 1101 508 1142 Covyma
550 1100 700 1131 allatum
739 1111 819 1132 cum
860 1102 977 1142 priore
1005 1100 1162 1140 Cyprino
1203 1111 1331 1143 nempe
1367 1103 1527 1134 Labeone
1559 1107 1620 1136 vix
1648 1115 1688 1136 ac
1715 1114 1760 1136 ne

89 1159 153 1189 vix
181 1158 323 1199 quidem
352 1163 508 1191 rostrato
535 1161 569 1189 in
598 1170 703 1191 unam
733 1160 953 1200 eandemque
981 1160 1135 1201 speeiem
1163 1162 1349 1202 conjunxit
1375 1166 1412 1194 et
1436 1163 1499 1194 sub
1522 1175 1590 1195 uno
1614 1163 1758 1195 eodem-

85 1227 155 1259 que
185 1220 324 1249 nomine
353 1221 466 1261 pisces
492 1223 566 1252 tam
594 1220 754 1252 diversos
790 1219 998 1251 vendtavit.
1066 1219 1139 1248 Etsi
1175 1221 1307 1260 piscem
1341 1226 1535 1254 rostratum
1573 1225 1701 1266 injuste
1736 1232 1758 1255 a

84 1276 256 1309 Pallassio
283 1277 327 1309 ad
354 1279 552 1311 Labeonem
579 1279 732 1311 relatum
759 1280 827 1321 jam
854 1279 913 1309 diu
942 1277 986 1308 ad
1019 1281 1180 1308 naturam
1215 1278 1449 1312 delineassem
1484 1285 1522 1313 et
1549 1285 1640 1314 inter
1667 1293 1760 1315 nova

85 1346 164 1367 mea
192 1336 337 1369 detecta
366 1337 594 1379 retulissem,
633 1342 753 1371 tamen
780 1348 938 1370 errorem
966 1336 1127 1368 Pallassii
1161 1348 1231 1369 non
1259 1341 1356 1380 prius
1383 1341 1669 1374 animadvertere
1695 1353 1760 1386 po-

83 1397 139 1428 tui
167 1406 273 1438 quam
299 1407 380 1429 cum
408 1398 442 1429 in
470 1399 619 1440 piscium
653 1397 950 1440 descriptionibus
985 1399 1055 1428 suis
1089 1397 1290 1428 revidendis
1325 1402 1361 1431 et
1394 1400 1496 1442 prelo
1531 1401 1759 1443 subjiciendis

85 1456 121 1485 in
149 1455 391 1499 Zoogmphiae
419 1459 752 1490 Rosso-Asiaticae
780 1457 971 1491 Volumine
997 1458 1108 1489 tertio
1136 1459 1313 1488 contentis
1341 1463 1536 1502 occupatus
1567 1460 1694 1492 fuerim
1721 1465 1760 1494 et

85 1515 200 1547 donec
227 1517 456 1559 comparandi
482 1528 566 1550 cura
594 1529 650 1550 me
676 1522 854 1550 attentum
882 1519 916 1548 in
944 1528 1023 1548 eum
1052 1517 1206 1548 fecisset.
1250 1517 1419 1550 Perlectis
1445 1521 1568 1562 itaque
1596 1524 1634 1553 et
1660 1532 1759 1553 com-

89 1578 224 1617 paratis
251 1577 453 1618 iterumque
481 1577 650 1619 perlectis
678 1580 827 1620 piscium
853 1577 916 1608 sub
941 1578 1087 1618 Cyprini
1114 1575 1284 1607 Labeonis
1311 1580 1452 1610 nomine
1486 1582 1759 1622 conjunctorum

85 1634 386 1677 descriptionibus
421 1638 529 1667 tertia
566 1639 644 1668 vice
682 1639 929 1678 reimpressis,
980 1636 1133 1676 denique
1173 1636 1363 1676 intellexi,
1415 1641 1599 1669 auctorem
1646 1641 1680 1670 in
1714 1650 1757 1672 eo

86 1704 253 1735 errasse,
281 1695 378 1736 quod
405 1697 538 1737 piscem
567 1706 684 1727 meum
710 1700 887 1727 rotratum
906 1718 916 1735 ‚
957 1697 990 1725 in
1017 1696 1139 1726 Onone
1156 1715 1166 1732 ‚
1194 1695 1353 1736 Ingoda‚
1382 1696 1520 1727 Schilca
1547 1701 1584 1730 et
1612 1699 1759 1741 reliquis

87 1764 152 1798 per
179 1756 347 1785 Amurem
380 1757 415 1785 in
449 1755 659 1787 orientalem
694 1758 873 1788 Oceanum
909 1754 1139 1786 effluentibus
1175 1754 1292 1785 fluviis
1326 1757 1534 1797 copiosum,
1584 1760 1759 1801 Tungusis

85 1815 131 1845 ad
163 1816 344 1856 Covymae
373 1814 518 1845 fluvium
547 1814 808 1848 Tschnkntschan
836 1818 872 1846 et
899 1824 917 1845 a
944 1813 1116 1854 Jucagiris
1146 1810 1306 1845 Omztscha
1333 1814 1467 1846 dictum
1486 1838 1495 1855 ,
1536 1826 1555 1848 a
1582 1819 1760 1851 Davurico

88 1884 152 1905 suo
180 1871 320 1916 C-»prino
346 1871 488 1906 Labeone
520 1885 590 1907 non
629 1879 811 1914 rostrato,
852 1884 957 1916 quem
999 1872 1104 1903 Kon'l)
1145 1873 1293 1913 dicunt,
1335 1885 1404 1905 non
1444 1879 1664 1917 separaverit
1695 1888 1761 1911 nee

86 1933 324 1965 distinxerit:
363 1937 445 1966 sunt
470 1936 562 1965 enim
580 1959 590 1979 ‚
631 1935 727 1977 quod
753 1937 788 1965 in
815 1933 868 1966 his
896 1934 996 1964 lineis
1023 1931 1303 1974 demonstrabo,
1332 1935 1519 1966 nonsolum
1549 1946 1594 1967 ex
1620 1937 1761 1970 diversa

84 1995 218 2024 ossium
245 1995 371 2035 capitis
404 1997 583 2026 structura
623 1995 684 2026 sed
721 2005 767 2026 ex
812 1994 934 2025 multis
974 1991 1051 2023 aliis
1093 1995 1282 2024 momentis
1321 1997 1429 2026 etiam
1465 1995 1626 2027 diversae
1654 2000 1690 2027 et
1717 1997 1760 2028 ab

85 2053 163 2094 ipsa
189 2055 313 2084 natura
341 2054 538 2096 disjunctae
564 2057 713 2096 species.
742 2057 924 2096 Aquarum
956 2051 1159 2094 regionibus
1186 2056 1222 2084 et
1247 2053 1391 2086 climate
1419 2054 1523 2086 simul
1551 2054 1758 2097 abhorrent,

81 2110 186 2146 Labeo
217 2113 473 2144 Davurieorum
514 2116 552 2145 et
590 2117 765 2146 restratus
792 2112 1056 2146 Tsclmkutschan
1099 2114 1238 2144 Amuiis
1276 2117 1311 2145 et
1349 2116 1528 2155 Covyinae
1571 2114 1764 2155 fluffi'iorum

80 2174 169 2204 civis
205 2175 259 2204 est
286 2175 322 2203 et
349 2175 526 2214 posterior
553 2183 571 2204 a
601 2175 746 2216 priore,
777 2178 817 2206 ut
844 2175 1066 2216 comparatio
1095 2175 1179 2205 satis
1209 2183 1387 2216 superque
1415 2174 1546 2216 docet,
1578 2175 1766 2209 nonsoium

126 2317 179 2354 U)
203 2318 315 2346 Tilcsii
342 2317 502 2354 Appendix
528 2319 562 2347 dc
579 2317 716 2356 Cyprino
742 2325 870 2346 rostrato
893 2326 924 2346 et
948 2318 1086 2354 minato,
1112 2318 1269 2347 Trachino
1285 2319 1495 2347 Tiic'nndonte
1522 2326 1553 2348 et
1577 2320 1768 2358 Fpinephelo

209 2371 324 2400 tiliato.
352 2372 513 2400 Mem-ires
537 2372 571 2401 dc
598 2372 709 2402 l‘Acnd.
737 2373 890 2410 imperiale
916 2373 961 2401 des
988 2375 1119 2402 suentes
1145 2374 1233 2401 Toni.
1259 2373 1312 2402 lv.
1338 2374 1413 2405 Tab.
1439 2374 1506 2402 XV.
1531 2383 1561 2412 p.
1588 2376 1767 2412 454—451.

1305 2442 1322 2460 ss
