2185 2890
881 169 1029 194 Ξ
1699 169 1780 208 123

114 280 212 310 tunc
242 285 263 309 a
293 267 433 308 Rossis
463 270 513 309 ad
543 261 855 322 excoquendam
884 266 1202 322 pinguedinem,
1255 266 1493 309 Pinensibus
1521 268 1781 310 vendibilem

117 344 369 389 adliibetur5
412 343 566 383 etenim
597 357 814 382 nauseosus
846 341 1026 392 homini,
1067 358 1118 383 ne
1150 343 1317 398 quiden]
1347 359 1368 382 a
1396 344 1508 383 Laris
1538 345 1604 384 vel
1636 343 1782 384 Corvis

114 418 336 474 appetitur.
394 422 442 458 In
472 417 630 472 magnis
659 428 798 457 autem
826 418 1002 457 cumulis
1033 433 1175 458 omnes
1206 419 1290 457 fere
1320 419 1504 471 ejusdem
1535 418 1782 473 magnitudi-

113 493 177 533 nis
207 493 484 548 reperiuntur,
515 503 561 532 ut
589 492 757 547 Clupeis
788 493 973 532 solemne
1004 504 1083 542 est,
1121 504 1163 532 et
1191 492 1292 532 licet
1319 504 1528 542 recentes,
1560 494 1784 533 admodum

114 579 208 607 sunt
237 568 381 607 molles
412 579 454 607 et
484 567 609 616 fluxi,
641 566 778 622 pinnis
810 578 852 606 et
880 566 1013 606 aristis
1040 567 1230 617 infirmis,
1271 579 1312 606 et
1341 567 1385 607 in
1416 568 1600 607 oleosum
1628 567 1781 621 pingue

113 644 282 683 tandem
311 643 390 682 toti
420 643 722 692 dissolvuntur,
781 643 892 697 quod
941 641 1067 682 etiam
1098 642 1142 682 in
1172 641 1329 697 Spiritu
1358 642 1446 682 vini
1476 641 1688 683 asservatis
1718 656 1784 682 co-

111 717 227 772 piose
255 716 427 757 innatat.

251 793 418 833 Descr.
466 794 710 847 Magnitudo
739 794 904 849 qualem
933 792 1031 833 icon
1060 791 1281 849 exprimit,
1326 792 1592 834 dodrantalis.
1651 794 1784 849 Caput

110 881 325 921 magnum,
385 867 614 915 infirmum,
673 869 762 909 basi
809 870 1396 922 angulato-subtetraedrum,
1455 869 1611 909 vertice
1642 868 1782 923 plano,

111 942 335 997 temporali
376 943 515 983 carina
556 943 881 991 bimberculata,
947 944 1176 998 operculis,
1241 944 1460 992 mollibus,
1516 941 1783 989 laevissimis,

111 1017 296 1071 quinque
325 1017 664 1072 impressionibus
693 1019 738 1057 in
768 1018 948 1068 ambitu,
1005 1017 1160 1057 lamina
1200 1018 1359 1073 postica
1390 1017 1614 1058 accessoria
1643 1032 1780 1071 parva,

110 1091 440 1146 subtriangnlari.
499 1093 686 1133 Rostrum
715 1093 1064 1148 plagioplateum,
1108 1093 1262 1142 latum,
1314 1094 1602 1132 rotundatum:
1658 1097 1781 1133 rictus

110 1180 310 1220 niagnus5
340 1171 534 1207 maxillae
564 1166 786 1216 firmiores,
819 1182 981 1215 osseae,
1012 1167 1196 1221 margine
1229 1182 1361 1207 crasso
1392 1182 1593 1216 convexo,
1626 1179 1781 1208 extror-

113 1256 203 1279 sum
232 1240 428 1280 confertis
469 1243 677 1282 uncinulis
719 1244 801 1282 late
843 1242 1006 1289 scabro,
1065 1243 1226 1290 inferior
1266 1242 1390 1296 paulo
1421 1241 1647 1295 angustior,
1705 1245 1780 1283 sed

111 1314 229 1368 apice
258 1316 474 1365 subacuto,
519 1318 685 1370 glabro,
743 1317 849 1356 ultra
880 1315 1135 1369 superiorem
1163 1316 1412 1370 prominula.
1470 1318 1629 1369 Lingua
1659 1319 1780 1356 obtu-

110 1389 271 1429 sissima
301 1401 342 1429 et
371 1405 415 1430 os
445 1391 553 1431 intus
584 1392 791 1446 reliquum
819 1391 999 1437 inerme,
1027 1390 1228 1444 glabrum.
1280 1393 1573 1431 Branchiarum
1604 1391 1779 1432 rhaches

111 1463 400 1518 longissimae,
433 1466 628 1506 dentibus
658 1466 876 1521 geminatis
907 1465 1081 1515 obtusis,
1121 1465 1238 1520 apice
1269 1465 1499 1515 muricatis,
1532 1465 1779 1508 distantibus

111 1539 367 1594 pectinatae,
397 1541 641 1581 brevissime
669 1543 877 1582 barbatae.
936 1542 1104 1581 Membr.
1136 1542 1443 1595 branchiosfega
1474 1553 1697 1595 angustata,
1727 1544 1778 1583 ab

109 1613 266 1654 isthmo
295 1617 413 1668 gulae
442 1617 564 1671 plane
594 1616 825 1670 disjuncta,
887 1615 1044 1655 radiata
1073 1615 1382 1670 cartilaginibus
1413 1631 1485 1654 sex
1519 1616 1638 1655 valde
1669 1616 1780 1656 inter

110 1705 153 1729 se
184 1690 372 1738 remotis,
431 1691 608 1746 septimo
653 1691 859 1745 operculis
903 1692 1068 1730 adnato.
1143 1690 1263 1729 Oculi
1300 1689 1490 1744 utrinque
1520 1692 1570 1730 ad
1600 1691 1777 1732 frontem

110 1767 298 1821 planam,
331 1765 490 1819 magni,
520 1764 648 1819 nigri,
689 1778 783 1806 cute
813 1764 995 1806 obducti.
1053 1765 1181 1803 Nares
1210 1764 1434 1819 simplices.
1493 1766 1648 1819 Corpus
1677 1768 1778 1806 mol-

109 1841 330 1889 lissimum,
362 1840 638 1895 alepitlotum,
670 1841 990 1889 monochroum,
1025 1839 1228 1889 albidum,
1261 1839 1629 1893 pinguedinosum,
1667 1855 1776 1880 com-

110 1930 314 1969 pressum,
345 1932 367 1954 a
396 1915 533 1972 capite
562 1916 714 1956 sensim
745 1918 1038 1963 adtenuatum3
1070 1916 1184 1954 Cutis
1212 1913 1359 1961 tenuis,
1391 1912 1639 1960 laevissima,
1670 1919 1776 1954 linea

110 1993 291 2029 lateralis
319 1990 392 2030 vix
421 1991 643 2046 conspicua
672 1993 792 2031 dorso
823 1990 974 2031 vicina.
1032 1991 1207 2030 Pinnae:
1264 1992 1461 2028 ventrales
1491 1988 1660 2028 omnino
1688 1990 1775 2029 nul-

112 2063 200 2104 lae!
241 2068 460 2118 pectorales
487 2066 772 2120 longissimae,
804 2065 1021 2106 dimidiam
1052 2064 1234 2120 corporis
1263 2064 1567 2117 longitudinem
1598 2079 1773 2117 aequan-

115 2149 199 2187 fes,
230 2138 439 2179 radiorum
473 2148 531 2181 13.
562 2141 633 2194 qui
662 2157 806 2181 omnes
836 2153 999 2189 tenues,
1044 2141 1116 2180 sed
1146 2139 1425 2193 rigidinsculi,
1467 2139 1716 2187 subarcuaffi,
1754 2159 1768 2179 ι

111 2214 162 2252 ad
192 2230 250 2253 10.
282 2214 528 2268 longissimi,
557 2216 820 2255 extremitate
851 2215 1026 2256 cirrhosi
1055 2214 1214 2263 molles,
1246 2215 1316 2252 sed
1347 2215 1583 2253 membrana
1616 2214 1772 2254 albicio-

116 2288 345 2342 pellucida,
389 2290 492 2337 lata,
534 2290 630 2329 satis
659 2291 774 2330 firma
802 2306 927 2344 usque
954 2290 998 2330 in
1028 2290 1189 2345 apicem
1219 2288 1411 2328 connexi.
1483 2289 1569 2328 Pz'n.
1600 2293 1771 2329 dorsalis

112 2368 222 2416 prior
261 2379 412 2418 parva,
469 2364 677 2406 radiorum
719 2377 814 2406 octo
855 2365 1212 2411 brevissimorum,
1274 2363 1540 2413 distantium3
1595 2364 1771 2405 secunda
