2185 2890
469 198 559 239 250
1228 191 1374 215 ξ

466 303 577 334 rictus
605 300 676 331 oris
712 296 974 340 amplissimuS,
1013 294 1151 327 flentibus
1185 296 1352 335 utrinque
1387 293 1532 325 minutis
1566 292 1734 326 confertis
1762 294 1956 327 incurvatis
1983 299 2138 330 πενθεῖς

466 367 503 393 et
531 363 563 391 in
592 362 662 390 imo
690 359 811 401 palato
841 355 987 398 singulis
1015 354 1280 387 denticulorum
1308 353 1484 385 acervulis
1512 354 1722 396 prominulis
1751 357 1977 396 asperrimus.
2031 354 2138 389 Nares

465 422 625 462 geminae
655 422 736 450 ante
763 421 800 449 et
827 420 918 448 inter
947 415 1091 455 oculos,
1126 414 1276 457 spinulis
1302 413 1393 444 binis
1420 416 1481 445 vix
1510 413 1697 444 sensilibus
1726 415 1819 445 inter
1849 424 1977 455 nareS‚
2017 416 2136 448 sulcus

464 480 594 511 nasalis
622 479 665 509 ad
691 478 823 508 labium
852 477 1013 517 superius
1040 485 1179 506 osseum
1207 476 1300 506 inter
1327 472 1481 515 spinulas
1509 473 1736 505 descendens·
1776 471 1958 516 Opemdum
1984 476 2137 518 posterius

464 539 683 581 bispinosum
713 539 950 568 acuminatum
969 559 979 576 ,
1019 547 1058 567 an
1076 535 1156 566 critis
1182 533 1328 566 exiliter
1356 536 1540 564 serratum.
1599 532 1783 566 Membrana
1811 535 2047 576 franclffiostega
2075 536 2136 568 de-

462 602 560 630 tecta
588 597 892 640 septemradiata,
932 595 1038 626 radiis
1082 598 1248 636 utrinque
1286 596 1440 635 quatuor
1479 594 1571 624 vei-is
1611 593 1723 624 tribus
1757 596 1886 635 spuriis
1921 595 2064 626 suffulta
2099 600 2136 628 et

461 658 586 689 subtus
614 658 676 688 sub
710 656 829 698 jugulo
871 655 996 688 ossiiulo
1035 655 1246 686 cuneiformi
1286 652 1529 684 interhrizmhios
1547 663 1603 693 ego
1637 654 1851 694 acutangulo
1888 657 2045 686 anterius
2073 666 2137 697 pei·

463 717 744 758 syncliondrosin
779 727 859 747 cuin
895 719 1014 746 sterno
1052 717 1242 758 conjuncto
1277 716 1482 744 intertexta.
1549 715 1710 743 Sternum
1737 713 1953 754 triangulare
1981 714 2136 746 divisum

462 777 608 818 planum
638 777 700 807 sub
729 776 827 808 hiatu
868 774 1066 806 branchiali
1105 776 1271 815 utrinque
1313 774 1495 803 exteriora
1533 782 1655 803 versus
1696 772 1906 813 productum
1943 776 2137 815 marginem

461 834 579 867 hiatus
609 846 748 867 osseum
778 835 906 866 format
934 836 968 864 in
996 836 1107 865 aciem
1136 833 1207 864 fere
1235 831 1299 863 sub
1327 830 1499 873 operculo
1527 835 1791 862 excurrentem.
1835 830 1956 874 Corpus
1979 843 1997 864 a
2019 833 2136 865 latere

463 904 708 936 compressum
748 899 907 926 erectum
949 893 1263 935 heptapterygium
1304 893 1416 935 pinnis
1457 890 1954 932 omnibus'fuscescentibus‚
1993 892 2135 924 caudali

461 958 581 994 recta,
627 954 760 985 dorsali
791 953 834 984 ad
859 954 958 984 basin
986 952 1077 982 linea
1106 951 1294 982 latiuscula
1323 951 1501 982 atrofusca
1539 953 1633 992 picta
1666 953 1879 982 instructum
1915 955 1951 982 et
1979 953 2135 993 squamis

459 1023 515 1045 ma
533 1013 652 1044 oribus
681 1013 723 1043 ad
752 1023 871 1043 arcum
901 1014 1135 1053 posteriorem
1165 1010 1293 1041 ciliatis
1329 1014 1464 1041 tectum
1500 1013 1536 1041 et
1573 1011 1768 1042 minoribus
1797 1010 1990 1056 squamulis
2019 1021 2134 1053 aeque

460 1073 591 1105 ciljatis
620 1082 790 1110 marorum
822 1074 995 1112 margines
1031 1069 1255 1111 cingentibus
1288 1069 1525 1100 iiiibricatuin.
1594 1071 1823 1111 Squaniarum
1854 1074 2069 1102 structuram
2097 1073 2131 1102 in

459 1132 616 1164 Tabulae
646 1134 725 1163 XVI
769 1134 835 1171 Fig.
870 1141 902 1162 2.
928 1131 948 1163 3
981 1131 1005 1171 4
1043 1133 1113 1160 tam
1144 1128 1382 1170 magnitudin*-
1412 1128 1566 1159 naturali
1595 1139 1699 1171 quam
1728 1131 1965 1171 microscopio
1992 1134 2134 1162 auctam

459 1192 623 1232 videbis,
666 1201 834 1232 squamae
869 1193 1018 1228 mamres
1054 1200 1084 1220 in
1120 1191 1177 1230 Fig
1219 1198 1250 1220 2.
1290 1198 1308 1218 a
1342 1187 1494 1218 naturali
1527 1189 1767 1230 magnitudine
1803 1189 2003 1221 delineatae
2038 1192 2073 1220 in
2101 1190 2129 1223 b.

456 1252 695 1292 micros.opio
736 1254 860 1281 auctae
903 1254 984 1280 sunt
1027 1253 1064 1281 et
1090 1259 1168 1280 cum
1211 1251 1278 1288 iis,
1333 1258 1423 1289 quae
1464 1248 1517 1279 cel
1571 1246 1686 1280 Bzisscr
1724 1249 1912 1292 (Opuscul.
1956 1250 2129 1283 subseciv.

460 1310 522 1342 lib.
554 1313 608 1340 ΙΙΙ.
639 1321 672 1351 p.
708 1308 927 1353 117-—145
968 1309 1054 1340 Tab.
1088 1311 1157 1340 XV.
1188 1311 1256 1348 Fig.
1287 1306 1345 1339 IV.
1377 1305 1426 1352 ρ.)
1466 1318 1511 1337 ex
1539 1311 1619 1338 cute
1648 1311 1740 1350 spari
1772 1311 1896 1350 (dorso
1925 1311 2130 1341 acutissimo

459 1369 552 1400 linea
581 1372 725 1399 arcuata
754 1379 856 1399 aurea
886 1371 976 1399 inter
1004 1368 1127 1398 oculos
1155 1378 1186 1398 v.
1217 1361 1378 1398 Crono-vii
1406 1371 1565 1397 Museum
1594 1366 1897 1409 iclithyologicum
1928 1379 1953 1399 i.
1978 1376 2026 1399 η’).
2051 1369 2129 1412 90.)

459 1428 617 1460 detraxit
644 1430 679 1458 et
706 1427 899 1458 delineavit
928 1427 1099 1457 similitud
1117 1437 1157 1457 ne
1186 1429 1425 1465 conveniunt,
1455 1430 1490 1457 Gt
1519 1425 1635 1457 forsan
1667 1437 1790 1468 sparu³
1818 1431 1884 1458 isle
1910 1438 1955 1458 ex
1983 1439 2129 1459 numero

459 1498 584 1520 eorum
614 1486 678 1518 fuit
704 1497 747 1517 ex
778 1487 903 1528 quibus
931 1484 1077 1517 Βίιωληίμς
1107 1486 1185 1516 dein
1214 1485 1454 1527 Epinephelos
1484 1496 1562 1516 suos
1591 1485 1708 1526 elegit.
1737 1487 1945 1529 Squamulas
1961 1490 2128 1527 minores,

459 1548 668 1590 quibuscum
697 1547 867 1586 majorum
897 1556 1123 1587 squamarum
1153 1548 1326 1585 margines
1357 1545 1556 1576 fimbriatae
1586 1549 1693 1583 sunt,
1722 1549 1757 1576 in
1787 1548 1845 1588 Fig
1886 1546 1919 1578 3.
1949 1546 2127 1578 naturales

457 1611 494 1639 et
521 1607 536 1637 b
563 1609 686 1636 auctas
715 1605 892 1636 delineavi
920 1607 954 1635 iri
983 1607 1104 1646 Figura
1133 1606 1157 1645 4
1190 1605 1341 1645 denique
1376 1603 1532 1645 ejusdem
1559 1604 1716 1635 Tabulae
1743 1605 1931 1647 dispositio
1960 1616 2126 1646 squamu-

455 1666 569 1697 larum
599 1668 692 1696 circa
721 1667 895 1705 margines
925 1675 1097 1702 malorum
1126 1673 1350 1704 squamarum
1379 1665 1480 1693 aucta
1511 1664 1752 1704 magnitudine
1774 1668 2041 1706 repraesentata
2058 1668 2125 1696 est.

456 1728 521 1757 Per
549 1725 658 1756 hocce
693 1726 895 1755 vestimenti
931 1727 1177 1754 ornamentum
1215 1732 1381 1764 squamae
1417 1722 1566 1763 majores
1602 1726 1819 1765 niarginatae
1854 1727 1889 1754 et
1925 1724 2125 1756 fimbriatae

456 1787 557 1827 quasi
583 1786 851 1826 conspiciuntur
879 1787 914 1814 et
944 1785 1056 1825 pisces
1086 1782 1185 1820 hujus
1215 1784 1342 1823 speciei
1377 1781 1420 1812 ab
1456 1783 1618 1813 omnibus
1652 1782 1799 1824 reliquis
1828 1783 2011 1824 speciebus
2039 1794 2123 1814 coii-

454 1845 645 1887 generibus
673 1843 843 1874 facillime
872 1843 1146 1883 distinguuntur.
1211 1844 1302 1872 Pone
1331 1844 1468 1882 gemina
1497 1843 1635 1886 narium⁴
1661 1841 1831 1873 foramina
1860 1844 2023 1884 uti-inque
2049 1847 2121 1874 ter-

453 1907 543 1943 tium
573 1906 730 1935 cernitur
759 1903 919 1934 fortassis
950 1913 1012 1943 pro
1040 1911 1142 1932 muco
1171 1901 1396 1932 excerneiido
1425 1901 1466 1931 ad
1495 1901 1703 1932 lubricanda
1737 1912 1816 1932 ossa
1844 1901 1988 1932 labialia
2016 1912 2122 1944 supe-

453 1967 548 1995 riora
577 1973 641 2004 pro
688 1966 725 1993 et
752 1961 948 1992 retractilia
977 1962 1174 1992 inserviens
1228 1962 1294 1989 Pir
1322 1960 1496 1991 fimbriata
1524 1963 1561 1992 et
1588 1962 1780 2002 squamiilis
1809 1963 1997 2003 pectinatis
2018 1972 2122 1993 exor-

452 2027 537 2055 nata
564 2024 806 2063 integumenta
836 2024 872 2051 et
901 2031 963 2062 pei·
992 2023 1145 2062 ipsarum
1176 2029 1399 2061 squamarum
1428 2022 1602 2061 margines
1632 2021 1770 2052 ciliatas
1794 2020 1999 2062 superficies
2015 2024 2120 2062 piscis

452 2082 558 2114 limae
575 2082 618 2113 ad
635 2083 745 2112 instar
760 2084 1004 2122 exasperatur,
1021 2079 1117 2122 quod
1135 2081 1249 2121 primo
1262 2083 1360 2109 tactu
1372 2102 1382 2118 ,
1400 2079 1480 2110 dum
1500 2090 1620 2110 manus
1636 2091 1655 2111 a
1670 2081 1780 2112 cauda
1797 2090 1918 2111 versus
1933 2084 2040 2122 caput
2057 2081 2120 2112 du-

451 2144 558 2182 citur,
586 2143 727 2172 senties.
764 2135 878 2171 Pinnae*
895 2141 1065 2183 pccforzslcs
1081 2149 1226 2180 magnae
1243 2142 1277 2169 et
1295 2139 1520 2179 rotuiidatae‚
1552 2140 1745 2181 squamulis
1773 2140 1817 2170 ad
1843 2140 1942 2170 basin
1969 2140 2122 2180 obsitae,

451 2200 652 2232 octodecim
680 2200 786 2230 radiis
815 2199 993 2238 suffultae,
1022 2209 1173 2241 quorum
1202 2197 1323 2237 medii,
1353 2201 1500 2229 octavus
1530 2199 1695 2230 nimirum
1723 2203 1759 2230 et
1786 2209 1898 2230 nonus
1925 2199 2109 2240 longissim

453 2263 490 2290 et
517 2262 717 2301 superiores
745 2259 856 2291 bifidi.
922 2256 1036 2291 Pinnae
1073 2259 1234 2289 vinti-des
1261 2257 1427 2288 robustae
1456 2260 1546 2290 inter
1576 2260 1777 2301 pectorales
1806 2261 1891 2290 sitae
1920 2258 2025 2289 radiis
2055 2268 2118 2291 sex

448 2320 670 2360 compositae
698 2330 845 2364 quorum
876 2321 974 2362 quini
1000 2318 1098 2350 bifidi
1126 2317 1185 2349 vel
1214 2319 1331 2359 potius
1360 2318 1549 2358 quadrifidi
1578 2321 1710 2360 primus
1726 2319 1879 2360 simplex
1897 2319 2118 2349 acuminatus

448 2386 528 2408 cum
560 2380 725 2420 proximo
765 2379 941 2424 adjacenti
979 2381 1151 2413 coiiiiatus
1188 2387 1269 2411 cum
1307 2377 1482 2421 apophysi
1520 2379 1755 2412 crassiuscula
1795 2387 1897 2410 ossea
1936 2377 1980 2410 ad
2019 2377 2119 2408 basin
