2185 2890
437 151 529 202 264
1195 160 1337 178 ····““·“·

430 260 531 301 dein
564 257 767 300 fasciatim
796 258 901 299 flavo
930 258 998 299 vel
1028 256 1249 308 virescens,
1282 257 1466 313 margine
1491 272 1649 313 cyaneo
1664 260 1869 316 rubroque
1885 260 2104 316 variegata.

434 335 580 377 cauda
609 334 816 389 aequalis,
847 334 973 374 radiis
1004 340 1061 374 13.
1093 334 1145 373 ad
1181 341 1241 375 15.
1273 348 1440 389 cyanea,
1473 334 1638 389 punctis
1668 336 1776 375 inter
1806 336 1941 377 radios
1971 339 2106 377 ruber-

432 410 562 451 rimis.

567 486 677 526 Not.
736 483 934 524 Laminae
970 484 1231 524 suboculares
1271 484 1315 524 in
1349 484 1560 540 plerisque
1599 485 1749 525 adultis
1779 486 2107 527 coerulescentes

429 561 500 600 vel
529 561 712 615 pallidae
747 562 856 614 (fig.
875 564 941 614 τι),
979 560 1022 599 in
1053 560 1299 613 quibusdam
1330 559 1466 599 fasciis
1497 559 1678 614 obliquis
1708 561 1918 610 obsoletis,
1951 561 2108 601 alterne

430 636 808 676 coerulescentibus
839 646 880 675 et
908 635 1146 674 rubentibus
1178 636 1286 689 (Fig.
1325 641 1392 684 1.).
1469 636 1659 689 Corporis
1689 636 1847 675 colores
1878 637 2107 676 secundum

431 722 608 750 aetatem
638 710 880 767 praesertim
912 710 1093 756 variant3
1135 710 1178 749 in
1207 710 1389 765 parvulis
1421 709 1571 749 fasciae
1601 711 1993 750 rubro-maculatae
2022 711 2106 766 pla-

426 800 504 825 nae
535 787 702 833 desunt,
747 785 1018 825 adultioribus
1059 786 1316 832 fuscescunt,
1360 786 1444 824 fere
1484 784 1573 824 sine
1611 784 1744 824 rubris
1774 786 1970 834 maculis,
2017 800 2106 840 per-

427 860 548 900 fectis
578 861 718 914 nigrae
747 861 814 900 vel
845 870 963 900 atro·
983 860 1219 907 coeruleae,
1250 859 1476 914 sanguineo
1508 858 1636 913 magis
1665 860 1733 899 vel
1765 859 1898 899 minus
1929 859 2102 915 pulchre

431 935 677 975 maculatae.
739 934 1104 975 Constantissimus
1135 935 1250 974 color
1286 934 1405 974 iridis
1438 936 1676 981 oculorum,
1719 934 1937 989 pinnarum
1967 947 2106 991 pecto-

427 1009 598 1058 ralimn,
651 1020 694 1049 et
735 1010 921 1049 maculae
958 1009 1098 1063 nigrae
1137 1010 1189 1048 ad
1222 1009 1393 1064 pinnam
1429 1009 1685 1063 pectoralem
1724 1020 1766 1048 et
1803 1012 1990 1050 caudam.
2059 1014 2106 1050 In

426 1083 574 1139 spiritu
609 1083 698 1124 vini
739 1083 951 1123 asservatis
988 1085 1104 1123 color
1139 1083 1324 1139 corporis
1364 1083 1598 1132 virescens,
1648 1084 1790 1123 evadit
1828 1098 1993 1139 gryseus
2036 1087 2103 1125 vel

428 1161 660 1199 fuscescens
690 1158 870 1214 pallidus
901 1158 1056 1198 ventris
1086 1159 1183 1199 ferri
1214 1158 1339 1215 politi
1369 1158 1549 1198 nitorem
1579 1158 1743 1205 induit,
1781 1174 1960 1214 cyaneus
1990 1161 2103 1215 peni-

426 1245 491 1273 tus
527 1232 720 1282 albescit,
766 1233 873 1273 solus
904 1234 1149 1287 sanguineus
1179 1246 1346 1289 perstat.
1419 1237 1590 1288 Propter
1618 1233 1691 1273 has
1720 1233 1969 1274 variationes
1999 1233 2104 1276 haec

429 1308 588 1363 species
619 1306 725 1347 mihi
755 1307 934 1362 primum
964 1323 1039 1362 pro
1068 1308 1254 1363 pluribus
1284 1307 1511 1363 imposuit,
1567 1308 1774 1349 credibile
1812 1319 1896 1357 est,
1944 1311 2103 1364 species

429 1384 656 1422 Labrorum
686 1393 728 1422 et
758 1383 978 1438 Sparorum
1008 1397 1031 1423 e
1061 1383 1216 1423 Museis
1253 1384 1410 1439 pariter
1445 1382 1744 1438 multiplicatas
1774 1383 1897 1423 fuisse
1926 1385 1977 1424 ab
2008 1383 2104 1424 Ich-

428 1456 654 1512 thyologis.

659 1568 767 1612 186.
824 1568 915 1611 LA
936 1569 970 1611 B
992 1570 1028 1612 R
1052 1570 1093 1612 U
1115 1571 1141 1611 S
1190 1571 1548 1624 (voraginosus
1586 1571 1713 1613 TAB.
1754 1569 1879 1613 LVII

565 1683 610 1720 L.
641 1680 1048 1736 aerugine01viridis
1079 1682 1315 1737 ferrugineo
1344 1681 1609 1732 reticulatus,
1664 1682 1869 1737 operculis
1906 1681 2098 1733 fasciatis,

430 1756 593 1797 macula
622 1756 773 1811 pinnae
804 1756 975 1796 dorsalis
1006 1757 1166 1812 poetice
1196 1756 1359 1811 gemina
1391 1768 1489 1797 atra.

619 1832 798 1872 2Labrus
828 1831 1152 1881 unimaculatus,
1182 1834 1398 1872 Bric'nnich.
1430 1835 1581 1873 massil.
1612 1848 1650 1885 p.
1675 1839 1739 1884 57.
1770 1847 1807 1871 n.
1833 1839 1898 1884 73.
1929 1833 2100 1874 Gmelin-

705 1916 809 1960 ςγδι.
841 1908 929 1945 Lin.
959 1908 1033 1945 ΙΙΙ.
1064 1924 1102 1961 p.
1139 1914 1252 1957 1295.
1282 1922 1343 1961 sp.
1375 1913 1439 1946 62.

565 1985 615 2022 In
642 1981 785 2022 littore
815 1995 961 2020 saxoso
991 1980 1257 2021 meridionali
1285 1981 1461 2020 Tauriae
1500 1981 1738 2036 frequenter
1772 1982 1959 2037 capitur,
2010 1984 2099 2024 sub-

432 2057 665 2113 gregarius,
704 2055 839 2096 minus
880 2067 1021 2095 tamen
1062 2055 1293 2097 communis
1332 2057 1634 2110 praecedente,
1679 2068 1721 2097 et
1756 2072 1920 2112 semper
1949 2057 2097 2098 minor.

433 2133 663 2188 Capiuntur
691 2143 734 2173 et
762 2130 897 2171 hamis
928 2142 971 2171 et
999 2131 1154 2172 retibus
1182 2129 1494 2186 projectilibUS,
1545 2132 1658 2172 varia
1687 2132 1973 2186 magnitudine
2003 2147 2101 2173 con-

431 2207 601 2263 gregati.

567 2284 737 2325 Descr.
796 2288 905 2325 Raro
935 2281 1225 2339 semipedalis,
1258 2283 1389 2323 forma
1417 2282 1608 2324 breviore
1638 2293 1680 2323 et
1709 2282 1904 2324 crassiore
1932 2295 2096 2337 praece-

434 2357 582 2398 dentis.
642 2360 776 2413 Caput
805 2359 1081 2410 conoideum,
1123 2368 1254 2398 rostro
1284 2358 1645 2414 productiusculo‚
1689 2373 1980 2414 compressum.
2011 2402 2013 2407 ,
2039 2357 2098 2396 Os
